@InProceedings{ohta1978analysis,
	title={An analysis system for scenes containing objects with substructures},
	author={Ohta, Yu-ichi and Kanade, Takeo and Sakai, Toshiyuki},
	booktitle={Proceedings of the Fourth International Joint Conference on Pattern Recognitions},
	pages={752--754},
	year={1978}
}
@article{agin1980computer,
	title={Computer Vision Systems for Industrial Inspection and Assembly.},
	author={Agin, Gerald J},
	journal={IEEE Computer},
	volume={13},
	number={5},
	pages={11--20},
	year={1980}
}
@article{edelman1989integrating,
	title={Integrating visual cues for object segmentation and recognition},
	author={Edelman, S and Poggio, T},
	journal={Optics News},
	volume={15},
	number={5},
	pages={8},
	year={1989},
	publisher={Optical Society of America}
}
@article{stolz2012shape,
	title={Shape from polarization: a method for solving zenithal angle ambiguity},
	author={Stolz, Christophe and Ferraton, Mathias and Meriaudeau, Fabrice},
	journal={Optics letters},
	volume={37},
	number={20},
	pages={4218--4220},
	year={2012},
	publisher={Optical Society of America}
}
@inproceedings{morel2006active,
	title={Active lighting applied to shape from polarization},
	author={Morel, Olivier and Ferraton, Mathias and Stolz, Christophe and Gorria, Patrick},
	booktitle={2006 International Conference on Image Processing},
	pages={2181--2184},
	year={2006},
	organization={IEEE}
}
@inproceedings{zeiler2014visualizing,
	title={Visualizing and understanding convolutional networks},
	author={Zeiler, Matthew D and Fergus, Rob},
	booktitle={European conference on computer vision},
	pages={818--833},
	year={2014},
	organization={Springer}
}
@inproceedings{Blanchon2019,
	title        = {{Outdoor Scenes Pixel-Wise Semantic Segmentation using Polarimetry and Fully Convolutional Network}},
	author       = {Blanchon, Marc and Morel, Olivier and Zhang, Yifei and Seulin, Ralph and Crombez, Nathan and Sidib{\'{e}}, D{\'{e}}sir{\'{e}}},
	year         = 2019,
	booktitle    = {VISAPP2019}
}
@article{KoshikawaAProperties,
	title        = {{A model-based recognition of glossy objects using their polarimetrical properties}},
	author       = {Koshikawa, Kazutada and Shirai, Yoshiaki},
	number       = {January 2015},
	pages        = {37--41},
	doi          = {10.1163/156855387X00129}
}
@article{Cook2009AGraphics,
	title        = {{A Reflectance Model for Computer Graphics}},
	author       = {Cook, Robert L and Torrance, Kenneth E},
	year         = 2009,
	volume       = 1,
	number       = 1,
	pages        = {7--24}
}
@article{Gruev2009AdvancesSensors,
	title        = {{Advances in Integrated Polarization Image Sensors}},
	author       = {Gruev, Viktor and Drive, One Brookings and Louis, St},
	year         = 2009,
	pages        = {3--6},
	isbn         = 9781424442935
}
@techreport{caine1993design,
	title={The design of shape from motion constraints},
	author={Caine, Michael E},
	year={1993},
	institution={MASSACHUSETTS INST OF TECH CAMBRIDGE ARTIFICIAL INTELLIGENCE LAB}
}
@article{zhang1999shape,
	title={Shape-from-shading: a survey},
	author={Zhang, Ruo and Tsai, Ping-Sing and Cryer, James Edwin and Shah, Mubarak},
	journal={IEEE transactions on pattern analysis and machine intelligence},
	volume={21},
	number={8},
	pages={690--706},
	year={1999},
	publisher={IEEE}
}
@article{horn1986variational,
	title={The variational approach to shape from shading},
	author={Horn, Berthold KP and Brooks, Michael J},
	journal={Computer Vision, Graphics, and Image Processing},
	volume={33},
	number={2},
	pages={174--208},
	year={1986},
	publisher={Elsevier}
}
@inproceedings{zhuo2009recovery,
	title={On the recovery of depth from a single defocused image},
	author={Zhuo, Shaojie and Sim, Terence},
	booktitle={International Conference on Computer Analysis of Images and Patterns},
	pages={889--897},
	year={2009},
	organization={Springer}
}
@inproceedings{dellaert2000structure,
	title={Structure from motion without correspondence},
	author={Dellaert, Frank and Seitz, Steven M and Thorpe, Charles E and Thrun, Sebastian},
	booktitle={Proceedings IEEE Conference on Computer Vision and Pattern Recognition. CVPR 2000 (Cat. No. PR00662)},
	volume={2},
	pages={557--564},
	year={2000},
	organization={IEEE}
}
@article{favaro2005geometric,
	title={A geometric approach to shape from defocus},
	author={Favaro, Paolo and Soatto, Stefano},
	journal={IEEE Transactions on Pattern Analysis and Machine Intelligence},
	volume={27},
	number={3},
	pages={406--417},
	year={2005},
	publisher={IEEE}
}
@article{aloimonos1988shape,
	title={Shape from texture},
	author={Aloimonos, John},
	journal={Biological cybernetics},
	volume={58},
	number={5},
	pages={345--360},
	year={1988},
	publisher={Springer}
}
@article{rossmann1969point,
	title={Point spread-function, line spread-function, and modulation transfer function: tools for the study of imaging systems},
	author={Rossmann, Kurt},
	journal={Radiology},
	volume={93},
	number={2},
	pages={257--272},
	year={1969},
	publisher={The Radiological Society of North America}
}
@book{lee2006riemannian,
	title={Riemannian manifolds: an introduction to curvature},
	author={Lee, John M},
	volume={176},
	year={2006},
	publisher={Springer Science \& Business Media}
}
@inproceedings{chhatkuli2014non,
	title={Non-Rigid Shape-from-Motion for Isometric Surfaces using Infinitesimal Planarity.},
	author={Chhatkuli, Ajad and Pizarro, Daniel and Bartoli, Adrien},
	booktitle={BMVC},
	year={2014}
}
@inproceedings{SilbermanECCV12,
	author    = {Nathan Silberman, Derek Hoiem, Pushmeet Kohli and Rob Fergus},
	title     = {Indoor Segmentation and Support Inference from RGBD Images},
	booktitle = {ECCV},
	year      = {2012}
}
@inproceedings{parashar2016isometric,
	title={Isometric non-rigid shape-from-motion in linear time},
	author={Parashar, Shaifali and Pizarro, Daniel and Bartoli, Adrien},
	booktitle={Proceedings of the IEEE Conference on Computer Vision and Pattern Recognition},
	pages={4679--4687},
	year={2016}
}
@article{Williams2014AnPolarimeter,
	title        = {{An Airborne Imaging Multispectral Polarimeter}},
	author       = {Williams, J Z and Dugan, J P},
	year         = 2014,
	number       = {November 2009}
}
@article{NameAuthorsTo,
	title        = {{Authors â€™ Instructions : Preparation of Camera-Ready Contributions to}},
	author       = {Name, First Author and Name, Second Author and Name, Third Author},
	keywords     = {as a separator, at least one keyword, bold or italic font, for more than one, keyword, keywords must be, please use a comma, set to 9-point font, size and without the, style, the paper must have, the text must be, use of}
}
@article{Porter1981AutomaticSurfaces,
	title        = {{Automatic visual inspection of metal surfaces}},
	author       = {Porter, B and Mundy, L},
	year         = 1981,
	volume       = 281
}
@misc{WolffConstrainingModel,
	title        = {{Constraining Object Features Using a Polarization Reflectance Model}},
	author       = {Wolff, Lawrence B}
}
@article{Wolff1994Diffuse-reflectanceSurfaces,
	title        = {{Diffuse-reflectance model for smooth dielectric surfaces}},
	author       = {Wolff, Lawrence B},
	year         = 1994,
	volume       = 11,
	number       = 11,
	pages        = {2956--2968}
}
@inproceedings{zhan2018unsupervised,
	title={Unsupervised learning of monocular depth estimation and visual odometry with deep feature reconstruction},
	author={Zhan, Huangying and Garg, Ravi and Saroj Weerasekera, Chamara and Li, Kejie and Agarwal, Harsh and Reid, Ian},
	booktitle={Proceedings of the IEEE Conference on Computer Vision and Pattern Recognition},
	pages={340--349},
	year={2018}
}
@inproceedings{yang2018every,
	title={Every pixel counts: Unsupervised geometry learning with holistic 3d motion understanding},
	author={Yang, Zhenheng and Wang, Peng and Wang, Yang and Xu, Wei and Nevatia, Ram},
	booktitle={Proceedings of the European Conference on Computer Vision (ECCV)},
	pages={0--0},
	year={2018}
}
@inproceedings{garg2016unsupervised,
	title={Unsupervised cnn for single view depth estimation: Geometry to the rescue},
	author={Garg, Ravi and BG, Vijay Kumar and Carneiro, Gustavo and Reid, Ian},
	booktitle={European Conference on Computer Vision},
	pages={740--756},
	year={2016},
	organization={Springer}
}
@inproceedings{godard2017unsupervised,
	title={Unsupervised monocular depth estimation with left-right consistency},
	author={Godard, Cl{\'e}ment and Mac Aodha, Oisin and Brostow, Gabriel J},
	booktitle={Proceedings of the IEEE Conference on Computer Vision and Pattern Recognition},
	pages={270--279},
	year={2017}
}
@inproceedings{ranjan2019competitive,
	title={Competitive collaboration: Joint unsupervised learning of depth, camera motion, optical flow and motion segmentation},
	author={Ranjan, Anurag and Jampani, Varun and Balles, Lukas and Kim, Kihwan and Sun, Deqing and Wulff, Jonas and Black, Michael J},
	booktitle={Proceedings of the IEEE Conference on Computer Vision and Pattern Recognition},
	pages={12240--12249},
	year={2019}
}
@inproceedings{dong2018few,
	title={Few-Shot Semantic Segmentation with Prototype Learning.},
	author={Dong, Nanqing and Xing, Eric P},
	booktitle={BMVC},
	volume={3},
	number={4},
	year={2018}
}
@inproceedings{siam2019amp,
	title={Amp: Adaptive masked proxies for few-shot segmentation},
	author={Siam, Mennatullah and Oreshkin, Boris N and Jagersand, Martin},
	booktitle={Proceedings of the IEEE/CVF International Conference on Computer Vision},
	pages={5249--5258},
	year={2019}
}
@inproceedings{watson2019self,
	title={Self-Supervised Monocular Depth Hints},
	author={Watson, Jamie and Firman, Michael and Brostow, Gabriel J and Turmukhambetov, Daniyar},
	booktitle={Proceedings of the IEEE International Conference on Computer Vision},
	pages={2162--2171},
	year={2019}
}
@article{liu2015learning,
	title={Learning depth from single monocular images using deep convolutional neural fields},
	author={Liu, Fayao and Shen, Chunhua and Lin, Guosheng and Reid, Ian},
	journal={IEEE transactions on pattern analysis and machine intelligence},
	volume={38},
	number={10},
	pages={2024--2039},
	year={2015},
	publisher={IEEE}
}
@inproceedings{kuznietsov2017semi,
	title={Semi-supervised deep learning for monocular depth map prediction},
	author={Kuznietsov, Yevhen and Stuckler, Jorg and Leibe, Bastian},
	booktitle={Proceedings of the IEEE conference on computer vision and pattern recognition},
	pages={6647--6655},
	year={2017}
}
@inproceedings{yang2018deep,
	title={Deep virtual stereo odometry: Leveraging deep depth prediction for monocular direct sparse odometry},
	author={Yang, Nan and Wang, Rui and Stuckler, Jorg and Cremers, Daniel},
	booktitle={Proceedings of the European Conference on Computer Vision (ECCV)},
	pages={817--833},
	year={2018}
}
@inproceedings{luo2018single,
	title={Single view stereo matching},
	author={Luo, Yue and Ren, Jimmy and Lin, Mude and Pang, Jiahao and Sun, Wenxiu and Li, Hongsheng and Lin, Liang},
	booktitle={Proceedings of the IEEE Conference on Computer Vision and Pattern Recognition},
	pages={155--163},
	year={2018}
}
@inproceedings{Cordts2016Cityscapes,
	title={The Cityscapes Dataset for Semantic Urban Scene Understanding},
	author={Cordts, Marius and Omran, Mohamed and Ramos, Sebastian and Rehfeld, Timo and Enzweiler, Markus and Benenson, Rodrigo and Franke, Uwe and Roth, Stefan and Schiele, Bernt},
	booktitle={Proc. of the IEEE Conference on Computer Vision and Pattern Recognition (CVPR)},
	year={2016}
}
@article{mur2015orb,
	title={ORB-SLAM: a versatile and accurate monocular SLAM system},
	author={Mur-Artal, Raul and Montiel, Jose Maria Martinez and Tardos, Juan D},
	journal={IEEE transactions on robotics},
	volume={31},
	number={5},
	pages={1147--1163},
	year={2015},
	publisher={IEEE}
}
@inproceedings{peng2017large,
	title={Large kernel matters--improve semantic segmentation by global convolutional network},
	author={Peng, Chao and Zhang, Xiangyu and Yu, Gang and Luo, Guiming and Sun, Jian},
	booktitle={Proceedings of the IEEE conference on computer vision and pattern recognition},
	pages={4353--4361},
	year={2017}
}
@inproceedings{zhang2018context,
	title={Context encoding for semantic segmentation},
	author={Zhang, Hang and Dana, Kristin and Shi, Jianping and Zhang, Zhongyue and Wang, Xiaogang and Tyagi, Ambrish and Agrawal, Amit},
	booktitle={Proceedings of the IEEE conference on Computer Vision and Pattern Recognition},
	pages={7151--7160},
	year={2018}
}
@misc{chen2017deeplab,
	title={DeepLab: Semantic Image Segmentation with Deep Convolutional Nets, Atrous Convolution, and Fully Connected CRFs}, 
	author={Liang-Chieh Chen and George Papandreou and Iasonas Kokkinos and Kevin Murphy and Alan L. Yuille},
	year={2017},
	eprint={1606.00915},
	archivePrefix={arXiv},
	primaryClass={cs.CV}
}
@inproceedings{he2017mask,
	title={Mask r-cnn},
	author={He, Kaiming and Gkioxari, Georgia and Doll{\'a}r, Piotr and Girshick, Ross},
	booktitle={Proceedings of the IEEE international conference on computer vision},
	pages={2961--2969},
	year={2017}
}
@inproceedings{xie2017aggregated,
	title={Aggregated residual transformations for deep neural networks},
	author={Xie, Saining and Girshick, Ross and Doll{\'a}r, Piotr and Tu, Zhuowen and He, Kaiming},
	booktitle={Proceedings of the IEEE conference on computer vision and pattern recognition},
	pages={1492--1500},
	year={2017}
}
@inproceedings{bilinski2018dense,
	title={Dense decoder shortcut connections for single-pass semantic segmentation},
	author={Bilinski, Piotr and Prisacariu, Victor},
	booktitle={Proceedings of the IEEE Conference on Computer Vision and Pattern Recognition},
	pages={6596--6605},
	year={2018}
}
@inproceedings{zhang2018exfuse,
	title={Exfuse: Enhancing feature fusion for semantic segmentation},
	author={Zhang, Zhenli and Zhang, Xiangyu and Peng, Chao and Xue, Xiangyang and Sun, Jian},
	booktitle={Proceedings of the European Conference on Computer Vision (ECCV)},
	pages={269--284},
	year={2018}
}
@article{howard2017mobilenets,
	title={Mobilenets: Efficient convolutional neural networks for mobile vision applications},
	author={Howard, Andrew G and Zhu, Menglong and Chen, Bo and Kalenichenko, Dmitry and Wang, Weijun and Weyand, Tobias and Andreetto, Marco and Adam, Hartwig},
	journal={arXiv preprint arXiv:1704.04861},
	year={2017}
}
@article{xie2018improving,
	title={Improving fast segmentation with teacher-student learning},
	author={Xie, Jiafeng and Shuai, Bing and Hu, Jian-Fang and Lin, Jingyang and Zheng, Wei-Shi},
	journal={arXiv preprint arXiv:1810.08476},
	year={2018}
}
@inproceedings{sandler2018mobilenetv2,
	title={Mobilenetv2: Inverted residuals and linear bottlenecks},
	author={Sandler, Mark and Howard, Andrew and Zhu, Menglong and Zhmoginov, Andrey and Chen, Liang-Chieh},
	booktitle={Proceedings of the IEEE conference on computer vision and pattern recognition},
	pages={4510--4520},
	year={2018}
}
@inproceedings{kaganami2009region,
	title={Region-based segmentation versus edge detection},
	author={Kaganami, Hassana Grema and Beiji, Zou},
	booktitle={2009 Fifth International Conference on Intelligent Information Hiding and Multimedia Signal Processing},
	pages={1217--1221},
	year={2009},
	organization={IEEE}
}
@inproceedings{chu1990integration,
	title={The integration of region and edge-based segmentation},
	author={Chu, C-C and Aggarwal, Jake K},
	booktitle={Proceedings Third International Conference on Computer Vision},
	pages={117--118},
	year={1990},
	organization={IEEE Computer Society}
}
@article{iannizzotto2000fast,
	title={Fast and accurate edge-based segmentation with no contour smoothing in 2-D real images},
	author={Iannizzotto, Giancarlo and Vita, Lorenzo},
	journal={IEEE Transactions on Image Processing},
	volume={9},
	number={7},
	pages={1232--1237},
	year={2000},
	publisher={IEEE}
}
@article{sappa2006unsupervised,
	title={Unsupervised contour closure algorithm for range image edge-based segmentation},
	author={Sappa, Angel Domingo},
	journal={IEEE Transactions on Image Processing},
	volume={15},
	number={2},
	pages={377--384},
	year={2006},
	publisher={IEEE}
}
@article{wani1994edge,
	title={Edge-region-based segmentation of range images},
	author={Wani, M Arif and Batchelor, Bruce G.},
	journal={IEEE Transactions on Pattern Analysis and Machine Intelligence},
	volume={16},
	number={3},
	pages={314--319},
	year={1994},
	publisher={IEEE}
}
@article{mukherjee2014region,
	title={Region based segmentation in presence of intensity inhomogeneity using legendre polynomials},
	author={Mukherjee, Suvadip and Acton, Scott T},
	journal={IEEE Signal Processing Letters},
	volume={22},
	number={3},
	pages={298--302},
	year={2014},
	publisher={IEEE}
}
@article{bhargavi2014survey,
	title={A survey on threshold based segmentation technique in image processing},
	author={Bhargavi, K and Jyothi, S},
	journal={International Journal of Innovative Research and Development},
	volume={3},
	number={12},
	pages={234--239},
	year={2014}
}
@article{watt1986feature,
	title={Feature-based image segmentation in human vision},
	author={Watt, RJ},
	journal={Spatial Vision},
	volume={1},
	number={3},
	pages={243--256},
	year={1986},
	publisher={Brill}
}
@inproceedings{li2006new,
	title={A new solution of automatic building extraction in remote sensing images},
	author={Li, H-Y and Wang, H-Q and Ding, C-B},
	booktitle={2006 IEEE International Symposium on Geoscience and Remote Sensing},
	pages={3790--3793},
	year={2006},
	organization={IEEE}
}
@article{marroquin2003hidden,
	title={Hidden Markov measure field models for image segmentation},
	author={Marroquin, Jose L and Santana, Edgar Arce and Botello, Salvador},
	journal={IEEE Transactions on Pattern Analysis and Machine Intelligence},
	volume={25},
	number={11},
	pages={1380--1387},
	year={2003},
	publisher={IEEE}
}
@article{van2002active,
	title={Active shape model segmentation with optimal features},
	author={Van Ginneken, Bram and Frangi, Alejandro F and Staal, Joes J and ter Haar Romeny, Bart M and Viergever, Max A},
	journal={IEEE transactions on medical imaging},
	volume={21},
	number={8},
	pages={924--933},
	year={2002},
	publisher={IEEE}
}
@article{cootes2001active,
	title={Active appearance models},
	author={Cootes, Timothy F. and Edwards, Gareth J. and Taylor, Christopher J.},
	journal={IEEE Transactions on pattern analysis and machine intelligence},
	volume={23},
	number={6},
	pages={681--685},
	year={2001},
	publisher={IEEE}
}
@article{everingham2015pascal,
	title={The pascal visual object classes challenge: A retrospective},
	author={Everingham, Mark and Eslami, SM Ali and Van Gool, Luc and Williams, Christopher KI and Winn, John and Zisserman, Andrew},
	journal={International journal of computer vision},
	volume={111},
	number={1},
	pages={98--136},
	year={2015},
	publisher={Springer}
}
@inproceedings{ma2017multi,
	title={Multi-view deep learning for consistent semantic mapping with rgb-d cameras},
	author={Ma, Lingni and St{\"u}ckler, J{\"o}rg and Kerl, Christian and Cremers, Daniel},
	booktitle={2017 IEEE/RSJ International Conference on Intelligent Robots and Systems (IROS)},
	pages={598--605},
	year={2017},
	organization={IEEE}
}
@article{sun2019rtfnet,
	title={Rtfnet: Rgb-thermal fusion network for semantic segmentation of urban scenes},
	author={Sun, Yuxiang and Zuo, Weixun and Liu, Ming},
	journal={IEEE Robotics and Automation Letters},
	volume={4},
	number={3},
	pages={2576--2583},
	year={2019},
	publisher={IEEE}
}
@article{kendall2015bayesian,
	title={Bayesian segnet: Model uncertainty in deep convolutional encoder-decoder architectures for scene understanding},
	author={Kendall, Alex and Badrinarayanan, Vijay and Cipolla, Roberto},
	journal={arXiv preprint arXiv:1511.02680},
	year={2015}
}
@article{mackay1992practical,
	title={A practical Bayesian framework for backpropagation networks},
	author={MacKay, David JC},
	journal={Neural computation},
	volume={4},
	number={3},
	pages={448--472},
	year={1992},
	publisher={MIT Press}
}
@inproceedings{bryson1961gradient,
	title={A gradient method for optimizing multi-stage allocation processes},
	author={Bryson, Arthur E},
	booktitle={Proc. Harvard Univ. Symposium on digital computers and their applications},
	volume={72},
	pages={22},
	year={1961}
}
@inproceedings{zhang2019exploration,
	title={Exploration of Deep Learning-based Multimodal Fusion for Semantic Road Scene Segmentation.},
	author={Zhang, Yifei and Morel, Olivier and Blanchon, Marc and Seulin, Ralph and Rastgoo, Mojdeh and Sidib{\'e}, D{\'e}sir{\'e}},
	year={2019}
}
@inproceedings{zhang2019explorationn,
	title={Exploration of Deep Learning-based Multimodal Fusion for Semantic Road Scene Segmentation.},
	author={Zhang, Yifei and Morel, Olivier and Blanchon, Marc and Seulin, Ralph and Rastgoo, Mojdeh and Sidib{\'e}, D{\'e}sir{\'e}},
	journal={ORASIS2019},
	year={2019}
}
@inproceedings{blanchon2021p2d,
	title={P2D: a self-supervised method for depth estimation from polarimetry},
	author={Blanchon, Marc and Sidib{\'e}, D{\'e}sir{\'e} and Morel, Olivier and Seulin, Ralph and Braun, Daniel and Meriaudeau, Fabrice},
	booktitle={2020 25th International Conference on Pattern Recognition (ICPR)},
	pages={7357--7364},
	year={2021},
	organization={IEEE}
}
@inproceedings{blanchon2021polarimetric,
	title={Polarimetric image augmentation},
	author={Blanchon, Marc and Morel, Olivier and Meriaudeau, Fabrice and Seulin, Ralph and Sidib{\'e}, D{\'e}sir{\'e}},
	booktitle={2020 25th International Conference on Pattern Recognition (ICPR)},
	pages={7365--7371},
	year={2021},
	organization={IEEE}
}
@inproceedings{blin2019road,
	title={Road scenes analysis in adverse weather conditions by polarization-encoded images and adapted deep learning},
	author={Blin, Rachel and Ainouz, Samia and Canu, St{\'e}phane and Meriaudeau, Fabrice},
	booktitle={2019 IEEE Intelligent Transportation Systems Conference (ITSC)},
	pages={27--32},
	year={2019},
	organization={IEEE}
}
@inproceedings{blin2019adapted,
	title={Adapted learning for polarization-based car detection},
	author={Blin, Rachel and Ainouz, Samia and Canu, St{\'e}phane and Meriaudeau, Fabrice},
	booktitle={Fourteenth International Conference on Quality Control by Artificial Vision},
	volume={11172},
	pages={1117218},
	year={2019},
	organization={International Society for Optics and Photonics}
}
@inproceedings{blanchon2020intro,
	author = {Berger, Kai and Blanchon, Marc},
	title = {Introduction to Polarization for Rendering and Vision},
	year = {2020},
	isbn = {9781450381123},
	publisher = {Association for Computing Machinery},
	address = {New York, NY, USA},
	url = {https://doi.org/10.1145/3415263.3419172},
	doi = {10.1145/3415263.3419172},
	abstract = {Overview of real-world polarization effectsPolarization in natureRay Tracer Normal vs. PolarizedOverview on Jones CalculusOverview on Mueller CalculusBuild up of the Ray Tracer},
	booktitle = {SIGGRAPH Asia 2020 Courses},
	articleno = {4},
	numpages = {69},
	location = {Virtual Event},
	series = {SA '20}
}
@inproceedings{blanchon2019outdoor,
	title={Outdoor Scenes Pixel-wise Semantic Segmentation using Polarimetry and Fully Convolutional Network.},
	author={Blanchon, Marc and Morel, Olivier and Zhang, Yifei and Seulin, Ralph and Crombez, Nathan and Sidib{\'e}, D{\'e}sir{\'e}},
	year={2019}
}
@inproceedings{blanchon2019utilisation,
	title={Utilisation de la polarim{\'e}trie pour la segmentation de sc{\`e}nes ext{\'e}rieures avec un r{\'e}seau convolutif.},
	author={Blanchon, Marc and Morel, Olivier and Zhang, Yifei and Seulin, Ralph and Crombez, Nathan and Sidib{\'e}, D{\'e}sir{\'e}},
	journal={ORASIS2019},
	year={2019}
}
@article{zhang2018sparse,
	title={Sparse representation-based demosaicing method for microgrid polarimeter imagery},
	author={Zhang, Junchao and Luo, Haibo and Liang, Rongguang and Ahmed, Ashfaq and Zhang, Xiangyue and Hui, Bin and Chang, Zheng},
	journal={Optics letters},
	volume={43},
	number={14},
	pages={3265--3268},
	year={2018},
	publisher={Optical Society of America}
}
@article{stokes1851composition,
	title={On the composition and resolution of streams of polarized light from different sources},
	author={Stokes, George Gabriel},
	journal={Transactions of the Cambridge Philosophical Society},
	volume={9},
	pages={399},
	year={1851}
}
@article{li2019demosaicking,
	title={Demosaicking DoFP images using Newtonâ€™s polynomial interpolation and polarization difference model},
	author={Li, Ning and Zhao, Yongqiang and Pan, Quan and Kong, Seong G},
	journal={Optics express},
	volume={27},
	number={2},
	pages={1376--1391},
	year={2019},
	publisher={Optical Society of America}
}
@book{fresnel1868oeuvres,
	title={Oeuvres compl{\`e}tes d'augustin Fresnel},
	author={Fresnel, Augustin},
	year={1868},
	publisher={Imprimerie imp{\'e}riale}
}
@inproceedings{el2019rgb,
	title={Rgb and lidar fusion based 3d semantic segmentation for autonomous driving},
	author={El Madawi, Khaled and Rashed, Hazem and El Sallab, Ahmad and Nasr, Omar and Kamel, Hanan and Yogamani, Senthil},
	booktitle={2019 IEEE Intelligent Transportation Systems Conference (ITSC)},
	pages={7--12},
	year={2019},
	organization={IEEE}
}
@inproceedings{rashed2019motion,
	title={Motion and depth augmented semantic segmentation for autonomous navigation},
	author={Rashed, Hazem and El Sallab, Ahmad and Yogamani, Senthil and ElHelw, Mohamed},
	booktitle={Proceedings of the IEEE/CVF Conference on Computer Vision and Pattern Recognition Workshops},
	pages={0--0},
	year={2019}
}
@inproceedings{cui2017polarimetric,
	title={Polarimetric multi-view stereo},
	author={Cui, Zhaopeng and Gu, Jinwei and Shi, Boxin and Tan, Ping and Kautz, Jan},
	booktitle={Proceedings of the IEEE conference on computer vision and pattern recognition},
	pages={1558--1567},
	year={2017}
}
@inproceedings{denker1990transforming,
	title={Transforming neural-net output levels to probability distributions},
	author={Denker, John S and LeCun, Yann},
	booktitle={Proceedings of the 3rd International Conference on Neural Information Processing Systems},
	pages={853--859},
	year={1990}
}
@article{der2009aleatory,
	title={Aleatory or epistemic? Does it matter?},
	author={Der Kiureghian, Armen and Ditlevsen, Ove},
	journal={Structural safety},
	volume={31},
	number={2},
	pages={105--112},
	year={2009},
	publisher={Elsevier}
}
@article{gal2016uncertainty,
	title={Uncertainty in deep learning},
	author={Gal, Yarin}
}
@article{kendall2017uncertainties,
	title={What uncertainties do we need in bayesian deep learning for computer vision?},
	author={Kendall, Alex and Gal, Yarin},
	journal={arXiv preprint arXiv:1703.04977},
	year={2017}
}
@inproceedings{kendall2016modelling,
	title={Modelling uncertainty in deep learning for camera relocalization},
	author={Kendall, Alex and Cipolla, Roberto},
	booktitle={2016 IEEE international conference on Robotics and Automation (ICRA)},
	pages={4762--4769},
	year={2016},
	organization={IEEE}
}
@article{wen2021sparse,
	title={A Sparse Representation Based Joint Demosaicing Method for Single-Chip Polarized Color Sensor},
	author={Wen, Sijia and Zheng, Yinqiang and Lu, Feng},
	journal={IEEE Transactions on Image Processing},
	volume={30},
	pages={4171--4182},
	year={2021},
	publisher={IEEE}
}
@inproceedings{hazirbas2016fusenet,
	title={Fusenet: Incorporating depth into semantic segmentation via fusion-based cnn architecture},
	author={Hazirbas, Caner and Ma, Lingni and Domokos, Csaba and Cremers, Daniel},
	booktitle={Asian conference on computer vision},
	pages={213--228},
	year={2016},
	organization={Springer}
}
@article{krahenbuhl2011efficient,
	title={Efficient inference in fully connected crfs with gaussian edge potentials},
	author={Kr{\"a}henb{\"u}hl, Philipp and Koltun, Vladlen},
	journal={Advances in neural information processing systems},
	volume={24},
	pages={109--117},
	year={2011}
}
@article{gysel2016hardware,
	title={Hardware-oriented approximation of convolutional neural networks},
	author={Gysel, Philipp and Motamedi, Mohammad and Ghiasi, Soheil},
	journal={arXiv preprint arXiv:1604.03168},
	year={2016}
}
@article{rashedi2013stochastic,
	title={A stochastic gravitational approach to feature based color image segmentation},
	author={Rashedi, Esmat and Nezamabadi-Pour, Hossein},
	journal={Engineering Applications of Artificial Intelligence},
	volume={26},
	number={4},
	pages={1322--1332},
	year={2013},
	publisher={Elsevier}
}
@article{poudel2019fast,
	title={Fast-scnn: fast semantic segmentation network},
	author={Poudel, Rudra PK and Liwicki, Stephan and Cipolla, Roberto},
	journal={arXiv preprint arXiv:1902.04502},
	year={2019}
}
@article{nekrasov2018light,
	title={Light-weight refinenet for real-time semantic segmentation},
	author={Nekrasov, Vladimir and Shen, Chunhua and Reid, Ian},
	journal={arXiv preprint arXiv:1810.03272},
	year={2018}
}
@misc{lin2016refinenet,
	title={RefineNet: Multi-Path Refinement Networks for High-Resolution Semantic Segmentation}, 
	author={Guosheng Lin and Anton Milan and Chunhua Shen and Ian Reid},
	year={2016},
	eprint={1611.06612},
	archivePrefix={arXiv},
	primaryClass={cs.CV}
}
@inproceedings{zhao2017pyramid,
	title={Pyramid scene parsing network},
	author={Zhao, Hengshuang and Shi, Jianping and Qi, Xiaojuan and Wang, Xiaogang and Jia, Jiaya},
	booktitle={Proceedings of the IEEE conference on computer vision and pattern recognition},
	pages={2881--2890},
	year={2017}
}
@inproceedings{he2016deep,
	title={Deep residual learning for image recognition},
	author={He, Kaiming and Zhang, Xiangyu and Ren, Shaoqing and Sun, Jian},
	booktitle={Proceedings of the IEEE conference on computer vision and pattern recognition},
	pages={770--778},
	year={2016}
}
@inproceedings{visin2016reseg,
	title={Reseg: A recurrent neural network-based model for semantic segmentation},
	author={Visin, Francesco and Ciccone, Marco and Romero, Adriana and Kastner, Kyle and Cho, Kyunghyun and Bengio, Yoshua and Matteucci, Matteo and Courville, Aaron},
	booktitle={Proceedings of the IEEE Conference on Computer Vision and Pattern Recognition Workshops},
	pages={41--48},
	year={2016}
}
@article{visin2015renet,
	title={Renet: A recurrent neural network based alternative to convolutional networks},
	author={Visin, Francesco and Kastner, Kyle and Cho, Kyunghyun and Matteucci, Matteo and Courville, Aaron and Bengio, Yoshua},
	journal={arXiv preprint arXiv:1505.00393},
	year={2015}
}
@article{yu2015multi,
	title={Multi-scale context aggregation by dilated convolutions},
	author={Yu, Fisher and Koltun, Vladlen},
	journal={arXiv preprint arXiv:1511.07122},
	year={2015}
}
@inproceedings{li2018undeepvo,
	title={Undeepvo: Monocular visual odometry through unsupervised deep learning},
	author={Li, Ruihao and Wang, Sen and Long, Zhiqiang and Gu, Dongbing},
	booktitle={2018 IEEE international conference on robotics and automation (ICRA)},
	pages={7286--7291},
	year={2018},
	organization={IEEE}
}
@inproceedings{pillai2019superdepth,
	title={Superdepth: Self-supervised, super-resolved monocular depth estimation},
	author={Pillai, Sudeep and Ambru{\c{s}}, Rare{\c{s}} and Gaidon, Adrien},
	booktitle={2019 International Conference on Robotics and Automation (ICRA)},
	pages={9250--9256},
	year={2019},
	organization={IEEE}
}
@article{jaderberg2015spatial,
	title={Spatial transformer networks},
	author={Jaderberg, Max and Simonyan, Karen and Zisserman, Andrew and Kavukcuoglu, Koray},
	journal={arXiv preprint arXiv:1506.02025},
	year={2015}
}
@article{goodfellow2014generative,
	title={Generative adversarial networks},
	author={Goodfellow, Ian J and Pouget-Abadie, Jean and Mirza, Mehdi and Xu, Bing and Warde-Farley, David and Ozair, Sherjil and Courville, Aaron and Bengio, Yoshua},
	journal={arXiv preprint arXiv:1406.2661},
	year={2014}
}
@inproceedings{steinbrucker2011real,
	title={Real-time visual odometry from dense RGB-D images},
	author={Steinbr{\"u}cker, Frank and Sturm, J{\"u}rgen and Cremers, Daniel},
	booktitle={2011 IEEE international conference on computer vision workshops (ICCV Workshops)},
	pages={719--722},
	year={2011},
	organization={IEEE}
}
@inproceedings{brickwedde2019mono,
	title={Mono-SF: Multi-View Geometry Meets Single-View Depth for Monocular Scene Flow Estimation of Dynamic Traffic Scenes},
	author={Brickwedde, Fabian and Abraham, Steffen and Mester, Rudolf},
	booktitle={Proceedings of the IEEE International Conference on Computer Vision},
	pages={2780--2790},
	year={2019}
}
@inproceedings{chen2019towards,
	title={Towards scene understanding: Unsupervised monocular depth estimation with semantic-aware representation},
	author={Chen, Po-Yi and Liu, Alexander H and Liu, Yen-Cheng and Wang, Yu-Chiang Frank},
	booktitle={Proceedings of the IEEE Conference on Computer Vision and Pattern Recognition},
	pages={2624--2632},
	year={2019}
}
@inproceedings{liu2015deep,
	title={Deep convolutional neural fields for depth estimation from a single image},
	author={Liu, Fayao and Shen, Chunhua and Lin, Guosheng},
	booktitle={Proceedings of the IEEE conference on computer vision and pattern recognition},
	pages={5162--5170},
	year={2015}
}
@inproceedings{roy2016monocular,
	title={Monocular depth estimation using neural regression forest},
	author={Roy, Anirban and Todorovic, Sinisa},
	booktitle={Proceedings of the IEEE conference on computer vision and pattern recognition},
	pages={5506--5514},
	year={2016}
}
@inproceedings{xu2017multi,
	title={Multi-scale continuous crfs as sequential deep networks for monocular depth estimation},
	author={Xu, Dan and Ricci, Elisa and Ouyang, Wanli and Wang, Xiaogang and Sebe, Nicu},
	booktitle={Proceedings of the IEEE Conference on Computer Vision and Pattern Recognition},
	pages={5354--5362},
	year={2017}
}

@inproceedings{guo2018learning,
	title={Learning monocular depth by distilling cross-domain stereo networks},
	author={Guo, Xiaoyang and Li, Hongsheng and Yi, Shuai and Ren, Jimmy and Wang, Xiaogang},
	booktitle={Proceedings of the European Conference on Computer Vision (ECCV)},
	pages={484--500},
	year={2018}
}
@inproceedings{kundu2018adadepth,
	title={Adadepth: Unsupervised content congruent adaptation for depth estimation},
	author={Kundu, Jogendra Nath and Uppala, Phani Krishna and Pahuja, Anuj and Babu, R Venkatesh},
	booktitle={Proceedings of the IEEE conference on computer vision and pattern recognition},
	pages={2656--2665},
	year={2018}
}
@inproceedings{fu2018deep,
	title={Deep ordinal regression network for monocular depth estimation},
	author={Fu, Huan and Gong, Mingming and Wang, Chaohui and Batmanghelich, Kayhan and Tao, Dacheng},
	booktitle={Proceedings of the IEEE Conference on Computer Vision and Pattern Recognition},
	pages={2002--2011},
	year={2018}
}
@inproceedings{garg2016unsupervised,
	title={Unsupervised cnn for single view depth estimation: Geometry to the rescue},
	author={Garg, Ravi and Bg, Vijay Kumar and Carneiro, Gustavo and Reid, Ian},
	booktitle={European conference on computer vision},
	pages={740--756},
	year={2016},
	organization={Springer}
}

@inproceedings{mehta2018structured,
	title={Structured adversarial training for unsupervised monocular depth estimation},
	author={Mehta, Ishit and Sakurikar, Parikshit and Narayanan, PJ},
	booktitle={2018 International Conference on 3D Vision (3DV)},
	pages={314--323},
	year={2018},
	organization={IEEE}
}
@inproceedings{poggi2018learning,
	title={Learning monocular depth estimation with unsupervised trinocular assumptions},
	author={Poggi, Matteo and Tosi, Fabio and Mattoccia, Stefano},
	booktitle={2018 International conference on 3d vision (3DV)},
	pages={324--333},
	year={2018},
	organization={IEEE}
}
@inproceedings{zhou2017unsupervised,
	title={Unsupervised learning of depth and ego-motion from video},
	author={Zhou, Tinghui and Brown, Matthew and Snavely, Noah and Lowe, David G},
	booktitle={Proceedings of the IEEE conference on computer vision and pattern recognition},
	pages={1851--1858},
	year={2017}
}
@article{yang2017unsupervised,
	title={Unsupervised learning of geometry with edge-aware depth-normal consistency},
	author={Yang, Zhenheng and Wang, Peng and Xu, Wei and Zhao, Liang and Nevatia, Ramakant},
	journal={arXiv preprint arXiv:1711.03665},
	year={2017}
}
@inproceedings{mahjourian2018unsupervised,
	title={Unsupervised learning of depth and ego-motion from monocular video using 3d geometric constraints},
	author={Mahjourian, Reza and Wicke, Martin and Angelova, Anelia},
	booktitle={Proceedings of the IEEE Conference on Computer Vision and Pattern Recognition},
	pages={5667--5675},
	year={2018}
}
@inproceedings{yin2018geonet,
	title={Geonet: Unsupervised learning of dense depth, optical flow and camera pose},
	author={Yin, Zhichao and Shi, Jianping},
	booktitle={Proceedings of the IEEE conference on computer vision and pattern recognition},
	pages={1983--1992},
	year={2018}
}
@inproceedings{wang2018learning,
	title={Learning depth from monocular videos using direct methods},
	author={Wang, Chaoyang and Buenaposada, Jos{\'e} Miguel and Zhu, Rui and Lucey, Simon},
	booktitle={Proceedings of the IEEE Conference on Computer Vision and Pattern Recognition},
	pages={2022--2030},
	year={2018}
}
@inproceedings{zou2018df,
	title={Df-net: Unsupervised joint learning of depth and flow using cross-task consistency},
	author={Zou, Yuliang and Luo, Zelun and Huang, Jia-Bin},
	booktitle={Proceedings of the European conference on computer vision (ECCV)},
	pages={36--53},
	year={2018}
}
@inproceedings{yang2018lego,
	title={Lego: Learning edge with geometry all at once by watching videos},
	author={Yang, Zhenheng and Wang, Peng and Wang, Yang and Xu, Wei and Nevatia, Ram},
	booktitle={Proceedings of the IEEE conference on computer vision and pattern recognition},
	pages={225--234},
	year={2018}
}
@inproceedings{ranjan2019competitive,
	title={Competitive collaboration: Joint unsupervised learning of depth, camera motion, optical flow and motion segmentation},
	author={Ranjan, Anurag and Jampani, Varun and Balles, Lukas and Kim, Kihwan and Sun, Deqing and Wulff, Jonas and Black, Michael J},
	booktitle={Proceedings of the IEEE/CVF Conference on Computer Vision and Pattern Recognition},
	pages={12240--12249},
	year={2019}
}
@article{luo2019every,
	title={Every pixel counts++: Joint learning of geometry and motion with 3d holistic understanding},
	author={Luo, Chenxu and Yang, Zhenheng and Wang, Peng and Wang, Yang and Xu, Wei and Nevatia, Ram and Yuille, Alan},
	journal={IEEE transactions on pattern analysis and machine intelligence},
	volume={42},
	number={10},
	pages={2624--2641},
	year={2019},
	publisher={IEEE}
}
@inproceedings{casser2019depth,
	title={Depth prediction without the sensors: Leveraging structure for unsupervised learning from monocular videos},
	author={Casser, Vincent and Pirk, Soeren and Mahjourian, Reza and Angelova, Anelia},
	booktitle={Proceedings of the AAAI Conference on Artificial Intelligence},
	volume={33},
	number={01},
	pages={8001--8008},
	year={2019}
}
@inproceedings{weder2020routedfusion,
	title={Routedfusion: Learning real-time depth map fusion},
	author={Weder, Silvan and Schonberger, Johannes and Pollefeys, Marc and Oswald, Martin R},
	booktitle={Proceedings of the IEEE/CVF Conference on Computer Vision and Pattern Recognition},
	pages={4887--4897},
	year={2020}
}
@inproceedings{yang2020d3vo,
	title={D3vo: Deep depth, deep pose and deep uncertainty for monocular visual odometry},
	author={Yang, Nan and Stumberg, Lukas von and Wang, Rui and Cremers, Daniel},
	booktitle={Proceedings of the IEEE/CVF Conference on Computer Vision and Pattern Recognition},
	pages={1281--1292},
	year={2020}
}
@inproceedings{poggi2020uncertainty,
	title={On the uncertainty of self-supervised monocular depth estimation},
	author={Poggi, Matteo and Aleotti, Filippo and Tosi, Fabio and Mattoccia, Stefano},
	booktitle={Proceedings of the IEEE/CVF Conference on Computer Vision and Pattern Recognition},
	pages={3227--3237},
	year={2020}
}
@inproceedings{flynn2016deepstereo,
	title={Deepstereo: Learning to predict new views from the world's imagery},
	author={Flynn, John and Neulander, Ivan and Philbin, James and Snavely, Noah},
	booktitle={Proceedings of the IEEE conference on computer vision and pattern recognition},
	pages={5515--5524},
	year={2016}
}
@inproceedings{klodt2018supervising,
	title={Supervising the new with the old: learning sfm from sfm},
	author={Klodt, Maria and Vedaldi, Andrea},
	booktitle={Proceedings of the European Conference on Computer Vision (ECCV)},
	pages={698--713},
	year={2018}
}
@article{cao2017estimating,
	title={Estimating depth from monocular images as classification using deep fully convolutional residual networks},
	author={Cao, Yuanzhouhan and Wu, Zifeng and Shen, Chunhua},
	journal={IEEE Transactions on Circuits and Systems for Video Technology},
	volume={28},
	number={11},
	pages={3174--3182},
	year={2017},
	publisher={IEEE}
}
@inproceedings{riegler2019connecting,
	title={Connecting the Dots: Learning Representations for Active Monocular Depth Estimation},
	author={Riegler, Gernot and Liao, Yiyi and Donne, Simon and Koltun, Vladlen and Geiger, Andreas},
	booktitle={Proceedings of the IEEE Conference on Computer Vision and Pattern Recognition},
	pages={7624--7633},
	year={2019}
}
@inproceedings{xu2017multi,
	title={Multi-scale continuous crfs as sequential deep networks for monocular depth estimation},
	author={Xu, Dan and Ricci, Elisa and Ouyang, Wanli and Wang, Xiaogang and Sebe, Nicu},
	booktitle={Proceedings of the IEEE Conference on Computer Vision and Pattern Recognition},
	pages={5354--5362},
	year={2017}
}
@article{Woodford2008GlobalPriors,
	title        = {{Global Stereo Reconstruction under Second Order Smoothness Priors}},
	author       = {Woodford, O J},
	year         = 2008,
	journal      = {IEEE transactions on pattern analysis and machine intelligence},
	publisher    = {IEEE},
	volume       = 31,
	number       = 12,
	pages        = {2115--2128},
	isbn         = 9781424422432
}
@article{Wolff1987ImagesPolarization,
	title        = {{Images polarization}},
	author       = {Wolff, Lawrence B},
	year         = 1987,
	pages        = {110--121}
}
@article{Wolff1998ImprovedVision,
	title        = {{Improved Diffuse Reflection Models for Computer Vision}},
	author       = {Wolff, Lawrence B and York, New and Oren, Michael},
	year         = 1998,
	volume       = 30,
	number       = 1,
	pages        = {55--71}
}
@article{Wolff1994ONDIFFUSE,
	title        = {{ON THE RELATIVE BRIGHTNESS OF SPECULAR AND DIFFUSE}},
	author       = {Wolff, Lawrence B},
	year         = 1994,
	pages        = {369--376}
}
@article{Report1996POLARIZATIONIN,
	title        = {{POLARIZATION AND PHOTOMETRIC METHODS IN}},
	author       = {Report, Final Technical},
	year         = 1996,
	number       = {December}
}
@article{Schechner2000PolarizationSemireflector,
	title        = {{Polarization and statistical analysis of scenes containing a semireflector}},
	author       = {Schechner, Yoav Y and Shamir, Joseph},
	year         = 2000,
	volume       = 17,
	number       = 2,
	pages        = {276--284}
}
@article{Wolff1995PolarizationSensors,
	title        = {{Polarization camera sensors}},
	author       = {Wolff, Lawrence B and Andreou, Andreas G},
	year         = 1995,
	journal      = {Image and Vision Computing},
	publisher    = {Elsevier},
	volume       = 13,
	number       = 6,
	pages        = {497--510},
	keywords     = {polarization}
}
@phdthesis{Wolff1991PolarizationVision,
	title        = {{Polarization Methods in Computer Vision}},
	author       = {Wolff, Lawrence B},
	year         = 1991,
	school       = {COLUMBIA UNIVERSITY},
	keywords     = {EDGE DETECTION}
}
@article{Wolff1997PolarizationUnderstanding,
	title        = {{Polarization vision : a new sensory approach to image understanding}},
	author       = {Wolff, Lawrence B},
	year         = 1997,
	volume       = 15,
	pages        = {81--93},
	keywords     = {image understanding, polarization cameras, polarization vision, sensors}
}
@article{Wolff1990Polarization-BasedReflection,
	title        = {{Polarization-Based Material Classification from Specular Reflection}},
	author       = {Wolff, Lawrence B},
	year         = 1990,
	volume       = 12,
	number       = 11,
	pages        = {1059--1071}
}
@article{Miyazaki2005Polarization-basedCamera,
	title        = {{Polarization-based Shape Estimation of Transparent Objects by Using Raytracing and PLZT Camera}},
	author       = {Miyazaki, Daisuke and Takashima, Noriyuki and Yoshida, Akira and Harashima, Eiki and Ikeuchi, Katsushi},
	year         = 2005,
	volume       = 5888,
	number       = 0,
	pages        = {1--14},
	doi          = {10.1117/12.613848},
	keywords     = {mueller calculus, plzt, raytracing, shape-from-x, transparent object}
}
@article{Schechner2003Polarization-basedHaze,
	title        = {{Polarization-based vision through haze}},
	author       = {Schechner, Yoav Y and Narasimhan, Srinivasa G and Nayar, Shree K},
	year         = 2003,
	volume       = 42,
	number       = 3,
	pages        = {511--525}
}
@book{AtkinsonPolarizedVision,
	title        = {{Polarized Light in Computer Vision}},
	author       = {Atkinson, Gary A.}
}
@article{KonnenG.P.Towne0PolarizedTitle,
	title        = {{Polarized Light in NatureNo Title}},
	author       = {K{\"{o}}nnen, G. P.; Towne, Dudley H.},
	year         = 0,
	journal      = {American Journal of Physics, Volume 56, Issue 2, pp. 189-190 (1988)}
}
@misc{M.BornPrinciplesOptics,
	title        = {{Principles of Optics}},
	author       = {M.Born, E. Wolf}
}
@article{Schechner2005RecoveryAnalysis,
	title        = {{Recovery of Underwater Visibility and Structure by Polarization Analysis}},
	author       = {Schechner, Yoav Y and Karpel, Nir},
	year         = 2005,
	volume       = 30,
	number       = 3,
	pages        = {570--587}
}
@article{Zappa2008RetrievalImaging,
	title        = {{Retrieval of short ocean wave slope using polarimetric imaging}},
	author       = {Zappa, Christopher J and Banner, Michael L and Schultz, Howard and Corrada-emmanuel, Andres and Wolff, Lawrence B and Yalcin, Jacob},
	year         = 2008,
	volume       = 55503,
	doi          = {10.1088/0957-0233/19/5/055503},
	keywords     = {capillary waves, gravity waves, m this article features, ocean wave slope, online multimedia enhancements, polarimetric imaging, sea, sea surface roughness, surface slope, wave breaking, wind waves}
}
@article{Tyo2006Review,
	title        = {{Review of passive imaging polarimetry for remote sensing applications Ö€}},
	author       = {Tyo, J Scott and Goldstein, Dennis L and Chenault, David B and Shaw, Joseph A},
	year         = 2006,
	volume       = 45,
	number       = 22
}
@article{Umeyama2004SeparationImages,
	title        = {{Separation of Diffuse and Specular Components of Surface Reflection by Use of Polarization and Statistical Analysis of Images}},
	author       = {Umeyama, Shinji and Society, Ieee Computer and Godin, Guy},
	year         = 2004,
	volume       = 26,
	number       = 5,
	pages        = {639--647}
}
@article{Atkinson2007ShapeViews,
	title        = {{Shape Estimation Using Polarization and Shading from Two Views}},
	author       = {Atkinson, Gary A and Member, Student and Hancock, Edwin R},
	year         = 2007,
	volume       = 29,
	number       = 11,
	pages        = {2001--2017}
}
@article{Sparrow1967Theory,
	title        = {{Theory for Off-Specular Reflection From Roughened Surfaces *}},
	author       = {Sparrow, E M and Torrance, K E and Sparrow, E M and Birkebak, R C},
	year         = 1967,
	volume       = 57,
	number       = 9
}
@article{Ikeuchi2016TransparentImages,
	title        = {{Transparent Surface Modeling from a Pair of Polarization Images}},
	author       = {Ikeuchi, Katsushi},
	year         = 2016,
	number       = {March},
	doi          = {10.1109/TPAMI.2004.1261080}
}
@article{Lawrence1989TwoCamera,
	title        = {{Two surface orientation camera}},
	author       = {Lawrence, B and Wolff, B},
	year         = 1989
}
@article{Wolff1989USINGCOMPONENTS,
	title        = {{USING POLARIZATION TO SEPARATE REFLECTION COMPONENTS}},
	author       = {Wolff, Lawrence B},
	year         = 1989
}
@incollection{torrey2010transfer,
	title={Transfer learning},
	author={Torrey, Lisa and Shavlik, Jude},
	booktitle={Handbook of research on machine learning applications and trends: algorithms, methods, and techniques},
	pages={242--264},
	year={2010},
	publisher={IGI global}
}
@article{pan2009survey,
	title={A survey on transfer learning},
	author={Pan, Sinno Jialin and Yang, Qiang},
	journal={IEEE Transactions on knowledge and data engineering},
	volume={22},
	number={10},
	pages={1345--1359},
	year={2009},
	publisher={IEEE}
}
@article{hrabar2012evaluation,
	title={An evaluation of stereo and laser-based range sensing for rotorcraft unmanned aerial vehicle obstacle avoidance},
	author={Hrabar, Stefan},
	journal={Journal of Field Robotics},
	volume={29},
	number={2},
	pages={215--239},
	year={2012},
	publisher={Wiley Online Library}
}
@INPROCEEDINGS{Fritsch2013ITSC,
	author = {Jannik Fritsch and Tobias Kuehnl and Andreas Geiger},
	title = {A New Performance Measure and Evaluation Benchmark for Road Detection Algorithms},
	booktitle = {International Conference on Intelligent Transportation Systems (ITSC)},
	year = {2013}
}
@article{vaze2007high,
	title={High resolution LiDAR DEM--how good is it},
	author={Vaze, J and Teng, J},
	journal={Modelling and Simulation},
	pages={692--698},
	year={2007},
	publisher={Citeseer}
}
@article{wang20133d,
	title={3D building modeling using images and LiDAR: A review},
	author={Wang, Ruisheng},
	journal={International Journal of Image and Data Fusion},
	volume={4},
	number={4},
	pages={273--292},
	year={2013},
	publisher={Taylor \& Francis}
}
@article{banks2001quantitative,
	title={Quantitative evaluation of matching methods and validity measures for stereo vision},
	author={Banks, Jasmine and Corke, Peter},
	journal={The International Journal of Robotics Research},
	volume={20},
	number={7},
	pages={512--532},
	year={2001},
	publisher={SAGE Publications}
}
@inproceedings{gehrig2009real,
	title={A real-time low-power stereo vision engine using semi-global matching},
	author={Gehrig, Stefan K and Eberli, Felix and Meyer, Thomas},
	booktitle={International Conference on Computer Vision Systems},
	pages={134--143},
	year={2009},
	organization={Springer}
}
@inproceedings{banz2010real,
	title={Real-time stereo vision system using semi-global matching disparity estimation: Architecture and FPGA-implementation},
	author={Banz, Christian and Hesselbarth, Sebastian and Flatt, Holger and Blume, Holger and Pirsch, Peter},
	booktitle={2010 International Conference on Embedded Computer Systems: Architectures, Modeling and Simulation},
	pages={93--101},
	year={2010},
	organization={IEEE}
}
@article{bensrhair1996fast,
	title={Fast and automatic stereo vision matching algorithm based on dynamic programming method},
	author={Bensrhair, Abdelaziz and Mich{\'e}, Pierre and Debrie, R},
	journal={Pattern Recognition Letters},
	volume={17},
	number={5},
	pages={457--466},
	year={1996},
	publisher={Elsevier}
}
@inproceedings{michael2013real,
	title={Real-time stereo vision: Optimizing semi-global matching},
	author={Michael, Matthias and Salmen, Jan and Stallkamp, Johannes and Schlipsing, Marc},
	booktitle={2013 IEEE Intelligent Vehicles Symposium (IV)},
	pages={1197--1202},
	year={2013},
	organization={IEEE}
}
@inproceedings{campbell2008using,
	title={Using multiple hypotheses to improve depth-maps for multi-view stereo},
	author={Campbell, Neill DF and Vogiatzis, George and Hern{\'a}ndez, Carlos and Cipolla, Roberto},
	booktitle={European Conference on Computer Vision},
	pages={766--779},
	year={2008},
	organization={Springer}
}
@misc{hartley2000zisserman,
	title={A. Zisserman Multiple view geometry in computer vision},
	author={Hartley, RI},
	year={2000},
	publisher={Cambridge university press}
}
@article{hartley1994projective,
	title={Projective reconstruction and invariants from multiple images},
	author={Hartley, Richard I},
	journal={IEEE Transactions on Pattern Analysis and Machine Intelligence},
	volume={16},
	number={10},
	pages={1036--1041},
	year={1994},
	publisher={IEEE}
}
@article{scharstein2002taxonomy,
	title={A taxonomy and evaluation of dense two-frame stereo correspondence algorithms},
	author={Scharstein, Daniel and Szeliski, Richard},
	journal={International journal of computer vision},
	volume={47},
	number={1},
	pages={7--42},
	year={2002},
	publisher={Springer}
}
@article{rodriguez2017improve,
	title={Improve a 3D distance measurement accuracy in stereo vision systems using optimization methodsâ€™ approach},
	author={Rodr{\'\i}guez-Qui{\~n}onez, JC and Sergiyenko, O and Flores-Fuentes, W and Rivas-Lopez, M and Hernandez-Balbuena, D and Rasc{\'o}n, R and Mercorelli, P},
	journal={Opto-Electronics Review},
	volume={25},
	number={1},
	pages={24--32},
	year={2017},
	publisher={Elsevier}
}
@article{marr1979computational,
	title={A computational theory of human stereo vision},
	author={Marr, David and Poggio, Tomaso},
	journal={Proceedings of the Royal Society of London. Series B. Biological Sciences},
	volume={204},
	number={1156},
	pages={301--328},
	year={1979},
	publisher={The Royal Society London}
}
@inproceedings{gennert1988brightness,
	title={Brightness-based stereo matching},
	author={Gennert, Michael A},
	booktitle={ICCV},
	year={1988}
}
@inproceedings{kolmogorov2002multi,
	title={Multi-camera scene reconstruction via graph cuts},
	author={Kolmogorov, Vladimir and Zabih, Ramin},
	booktitle={European conference on computer vision},
	pages={82--96},
	year={2002},
	organization={Springer}
}
@inproceedings{bleyer2004layered,
	title={A layered stereo algorithm using image segmentation and global visibility constraints},
	author={Bleyer, Michael and Gelautz, Margrit},
	booktitle={2004 International Conference on Image Processing, 2004. ICIP'04.},
	volume={5},
	pages={2997--3000},
	year={2004},
	organization={IEEE}
}
@inproceedings{se2001vision,
	title={Vision-based mobile robot localization and mapping using scale-invariant features},
	author={Se, Stephen and Lowe, David and Little, Jim},
	booktitle={Proceedings 2001 ICRA. IEEE International Conference on Robotics and Automation (Cat. No. 01CH37164)},
	volume={2},
	pages={2051--2058},
	year={2001},
	organization={IEEE}
}
@article{sumi20023d,
	title={3D object recognition in cluttered environments by segment-based stereo vision},
	author={Sumi, Yasushi and Kawai, Yoshihiro and Yoshimi, Takashi and Tomita, Fumiaki},
	journal={International Journal of Computer Vision},
	volume={46},
	number={1},
	pages={5--23},
	year={2002},
	publisher={Springer}
}
@inproceedings{feng2019asv,
	title={Asv: Accelerated stereo vision system},
	author={Feng, Yu and Whatmough, Paul and Zhu, Yuhao},
	booktitle={Proceedings of the 52nd Annual IEEE/ACM International Symposium on Microarchitecture},
	pages={643--656},
	year={2019}
}
@article{zhou2018semantic,
	title={Semantic understanding of scenes through the ade20k dataset},
	author={Zhou, Bolei and Zhao, Hang and Puig, Xavier and Xiao, Tete and Fidler, Sanja and Barriuso, Adela and Torralba, Antonio},
	journal={International Journal on Computer Vision},
	year={2018}
}
@article{1986Group,
	title        = {{{\textcopyright} 1986 Nature Publishing Group}},
	year         = 1986
}
@inproceedings{imagenet_cvpr09,
	title        = {{ImageNet: A Large-Scale Hierarchical Image Database}},
	author       = {Deng, J. and Dong, W. and Socher, R. and Li, L.-J. and Li, K. and Fei-Fei, L.},
	year         = 2009,
	booktitle    = {CVPR09},
	bibsource    = {http://www.image-net.org/papers/imagenet_cvpr09.bib}
}
@inproceedings{Cordts2016Cityscapes,
	title        = {The Cityscapes Dataset for Semantic Urban Scene Understanding},
	author       = {Cordts, Marius and Omran, Mohamed and Ramos, Sebastian and Rehfeld, Timo and Enzweiler, Markus and Benenson, Rodrigo and Franke, Uwe and Roth, Stefan and Schiele, Bernt},
	year         = 2016,
	booktitle    = {Proc. of the IEEE Conference on Computer Vision and Pattern Recognition (CVPR)}
}
@inproceedings{collett2005field,
	title        = {Field guide to polarization},
	author       = {Collett, Edward},
	year         = 2005,
	organization = {Spie Bellingham, WA}
}
@inproceedings{redmon2017yolo9000,
	title        = {YOLO9000: better, faster, stronger},
	author       = {Redmon, Joseph and Farhadi, Ali},
	year         = 2017,
	booktitle    = {Proceedings of the IEEE conference on computer vision and pattern recognition},
	pages        = {7263--7271}
}
@article{iqbal2009survey,
	title        = {A survey on outdoor water hazard detection},
	author       = {Iqbal, Mohammad and Morel, Morel and Meriaudeau, Fabrice},
	year         = 2009,
	journal      = {Skripsi Program Studi Siste Informasi}
}
@article{lecun-mnisthandwrittendigit-2010,
	title        = {{MNIST} handwritten digit database},
	author       = {LeCun, Yann and Cortes, Corinna},
	year         = 2010,
	url          = {http://yann.lecun.com/exdb/mnist/},
	added-at     = {2010-06-28T21:16:30.000+0200},
	biburl       = {https://www.bibsonomy.org/bibtex/2935bad99fa1f65e03c25b315aa3c1032/mhwombat},
	groups       = {public},
	howpublished = {http://yann.lecun.com/exdb/mnist/},
	interhash    = {21b9d0558bd66279df9452562df6e6f3},
	intrahash    = {935bad99fa1f65e03c25b315aa3c1032},
	keywords     = {MSc _checked character_recognition mnist network neural},
	lastchecked  = {2016-01-14 14:24:11},
	timestamp    = {2016-07-12T19:25:30.000+0200},
	username     = {mhwombat}
}
@article{DBLP:journals/corr/abs-1712-04621,
	title        = {The Effectiveness of Data Augmentation in Image Classification using Deep Learning},
	author       = {Luis Perez and Jason Wang},
	year         = 2017,
	journal      = {CoRR},
	volume       = {abs/1712.04621},
	url          = {http://arxiv.org/abs/1712.04621},
	archiveprefix = {arXiv},
	eprint       = {1712.04621},
	timestamp    = {Mon, 13 Aug 2018 16:48:03 +0200},
	biburl       = {https://dblp.org/rec/bib/journals/corr/abs-1712-04621},
	bibsource    = {dblp computer science bibliography, https://dblp.org}
}
@article{badrinarayanan2015segnet,
	title        = {Segnet: A deep convolutional encoder-decoder architecture for image segmentation},
	author       = {Badrinarayanan, Vijay and Kendall, Alex and Cipolla, Roberto},
	year         = 2015,
	journal      = {arXiv preprint arXiv:1511.00561}
}
@article{chen2017rethinking,
	title        = {Encoder-decoder with atrous separable convolution for semantic image segmentation},
	author       = {Chen, Liang-Chieh and Zhu, Yukun and Papandreou, George and Schroff, Florian and Adam, Hartwig},
	year         = 2018,
	booktitle    = {Proceedings of the European conference on computer vision (ECCV)},
	pages        = {801--818}
}
@article{ratliff2009interpolation,
	title        = {Interpolation strategies for reducing IFOV artifacts in microgrid polarimeter imagery},
	author       = {Ratliff, Bradley M and LaCasse, Charles F and Tyo, J Scott},
	year         = 2009,
	journal      = {Optics express},
	publisher    = {Optical Society of America},
	volume       = 17,
	number       = 11,
	pages        = {9112--9125}
}
@article{paszke2016enet,
	title        = {Enet: A deep neural network architecture for real-time semantic segmentation},
	author       = {Paszke, Adam and Chaurasia, Abhishek and Kim, Sangpil and Culurciello, Eugenio},
	year         = 2016,
	journal      = {arXiv preprint arXiv:1606.02147}
}
@inproceedings{lin2017refinenet,
	title        = {RefineNet: Multi-path Refinement Networks for High-Resolution Semantic Segmentation.},
	author       = {Lin, Guosheng and Milan, Anton and Shen, Chunhua and Reid, Ian D},
	year         = 2017,
	booktitle    = {Cvpr},
	volume       = 1,
	number       = 2,
	pages        = 5
}
@article{sumi20023d,
	title={3D object recognition in cluttered environments by segment-based stereo vision},
	author={Sumi, Yasushi and Kawai, Yoshihiro and Yoshimi, Takashi and Tomita, Fumiaki},
	journal={International Journal of Computer Vision},
	volume={46},
	number={1},
	pages={5--23},
	year={2002},
	publisher={Springer}
}
@article{chen2018deeplab,
	title        = {Deeplab: Semantic image segmentation with deep convolutional nets, atrous convolution, and fully connected crfs},
	author       = {Chen, Liang-Chieh and Papandreou, George and Kokkinos, Iasonas and Murphy, Kevin and Yuille, Alan L},
	year         = 2018,
	journal      = {IEEE transactions on pattern analysis and machine intelligence},
	publisher    = {IEEE},
	volume       = 40,
	number       = 4,
	pages        = {834--848}
}
@article{li2018traffic,
	title        = {Traffic Scene Segmentation Based on RGB-D Image and Deep Learning},
	author       = {Li, Linhui and Qian, Bo and Lian, Jing and Zheng, Weina and Zhou, Yafu},
	year         = 2018,
	journal      = {IEEE Transactions on Intelligent Transportation Systems},
	publisher    = {IEEE},
	volume       = 19,
	number       = 5,
	pages        = {1664--1669}
}
@article{liu2018deep,
	title        = {Deep learning markov random field for semantic segmentation},
	author       = {Liu, Ziwei and Li, Xiaoxiao and Luo, Ping and Loy, Chen Change and Tang, Xiaoou},
	year         = 2018,
	journal      = {IEEE transactions on pattern analysis and machine intelligence},
	publisher    = {IEEE},
	volume       = 40,
	number       = 8,
	pages        = {1814--1828}
}
@inproceedings{silberman2012indoor,
	title        = {Indoor segmentation and support inference from rgbd images},
	author       = {Silberman, Nathan and Hoiem, Derek and Kohli, Pushmeet and Fergus, Rob},
	year         = 2012,
	booktitle    = {European Conference on Computer Vision},
	pages        = {746--760},
	organization = {Springer}
}
@inproceedings{cimpoi2015deep,
	title        = {Deep filter banks for texture recognition and segmentation},
	author       = {Cimpoi, Mircea and Maji, Subhransu and Vedaldi, Andrea},
	year         = 2015,
	booktitle    = {Proceedings of the IEEE conference on computer vision and pattern recognition},
	pages        = {3828--3836}
}
@inproceedings{Handa_2016_CVPR,
	title        = {Understanding Real World Indoor Scenes With Synthetic Data},
	author       = {Handa, Ankur and Patraucean, Viorica and Badrinarayanan, Vijay and Stent, Simon and Cipolla, Roberto},
	year         = 2016,
	month        = jun,
	booktitle    = {The IEEE Conference on Computer Vision and Pattern Recognition (CVPR)}
}
@article{qi2017pointnet,
	title        = {Pointnet: Deep learning on point sets for 3d classification and segmentation},
	author       = {Qi, Charles R and Su, Hao and Mo, Kaichun and Guibas, Leonidas J},
	year         = 2017,
	journal      = {Proc. Computer Vision and Pattern Recognition (CVPR), IEEE},
	volume       = 1,
	number       = 2,
	pages        = 4
}
@inproceedings{dai2017scannet,
	title        = {ScanNet: Richly-Annotated 3D Reconstructions of Indoor Scenes.},
	author       = {Dai, Angela and Chang, Angel X and Savva, Manolis and Halber, Maciej and Funkhouser, Thomas A and Nie{\ss}ner, Matthias},
	year         = 2017,
	booktitle    = {CVPR},
	volume       = 2,
	pages        = 10
}
@inproceedings{ronneberger2015u,
	title        = {U-net: Convolutional networks for biomedical image segmentation},
	author       = {Ronneberger, Olaf and Fischer, Philipp and Brox, Thomas},
	year         = 2015,
	booktitle    = {International Conference on Medical image computing and computer-assisted intervention},
	pages        = {234--241},
	organization = {Springer}
}
@article{havaei2017brain,
	title        = {Brain tumor segmentation with deep neural networks},
	author       = {Havaei, Mohammad and Davy, Axel and Warde-Farley, David and Biard, Antoine and Courville, Aaron and Bengio, Yoshua and Pal, Chris and Jodoin, Pierre-Marc and Larochelle, Hugo},
	year         = 2017,
	journal      = {Medical image analysis},
	publisher    = {Elsevier},
	volume       = 35,
	pages        = {18--31}
}
@article{litjens2017survey,
	title        = {A survey on deep learning in medical image analysis},
	author       = {Litjens, Geert and Kooi, Thijs and Bejnordi, Babak Ehteshami and Setio, Arnaud Arindra Adiyoso and Ciompi, Francesco and Ghafoorian, Mohsen and Van Der Laak, Jeroen Awm and Van Ginneken, Bram and S{\'a}nchez, Clara I},
	year         = 2017,
	journal      = {Medical image analysis},
	publisher    = {Elsevier},
	volume       = 42,
	pages        = {60--88}
}
@inproceedings{rastgoo2018attitude,
	title        = {Attitude estimation from polarimetric cameras},
	author       = {Rastgoo, Mojdeh and Demonceaux, C{\'e}dric and Seulin, Ralph and Morel, Olivier},
	year         = 2018,
	booktitle    = {IEEE/RSJ Int. Conf. on Intelligent Robots and Systems-IROS}
}
@inproceedings{morel2007catadioptric,
	title        = {Catadioptric camera calibration by polarization imaging},
	author       = {Morel, Olivier and Seulin, Ralph and Fofi, David},
	year         = 2007,
	booktitle    = {Iberian Conference on Pattern Recognition and Image Analysis},
	pages        = {396--403},
	organization = {Springer}
}
@article{shabayek2012vision,
	title        = {Vision based uav attitude estimation: Progress and insights},
	author       = {Shabayek, Abd El Rahman and Demonceaux, C{\'e}dric and Morel, Olivier and Fofi, David},
	year         = 2012,
	journal      = {Journal of Intelligent \& Robotic Systems},
	publisher    = {Springer},
	volume       = 65,
	number       = {1-4},
	pages        = {295--308}
}
@article{morel2006active,
	title        = {Active lighting applied to three-dimensional reconstruction of specular metallic surfaces by polarization imaging},
	author       = {Morel, Olivier and Stolz, Christophe and Meriaudeau, Fabrice and Gorria, Patrick},
	year         = 2006,
	journal      = {Applied optics},
	publisher    = {Optical Society of America},
	volume       = 45,
	number       = 17,
	pages        = {4062--4068}
}
@inproceedings{morel2005polarization,
	title        = {Polarization imaging applied to 3D reconstruction of specular metallic surfaces},
	author       = {Morel, Olivier and Meriaudeau, Fabrice and Stolz, Christophe and Gorria, Patrick},
	year         = 2005,
	booktitle    = {Machine Vision Applications in Industrial Inspection XIII},
	volume       = 5679,
	pages        = {178--187},
	organization = {International Society for Optics and Photonics}
}
@inproceedings{cui2017polarimetric,
	title        = {Polarimetric multi-view stereo},
	author       = {Cui, Zhaopeng and Gu, Jinwei and Shi, Boxin and Tan, Ping and Kautz, Jan},
	year         = 2017,
	booktitle    = {Proc. of Computer Vision and Pattern Recognition (CVPR)}
}
@inproceedings{nguyen20173d,
	title        = {3D tracking of water hazards with polarized stereo cameras},
	author       = {Nguyen, Chuong V and Milford, Michael and Mahony, Robert},
	year         = 2017,
	booktitle    = {Robotics and Automation (ICRA), 2017 IEEE International Conference on},
	pages        = {5251--5257},
	organization = {IEEE}
}
@inproceedings{kadambi2015polarized,
	title        = {Polarized 3d: High-quality depth sensing with polarization cues},
	author       = {Kadambi, Achuta and Taamazyan, Vage and Shi, Boxin and Raskar, Ramesh},
	year         = 2015,
	booktitle    = {Proceedings of the IEEE International Conference on Computer Vision},
	pages        = {3370--3378}
}
@inproceedings{berger2017depth,
	title        = {Depth from stereo polarization in specular scenes for urban robotics},
	author       = {Berger, Kai and Voorhies, Randolph and Matthies, Larry H},
	year         = 2017,
	booktitle    = {Robotics and Automation (ICRA), 2017 IEEE International Conference on},
	pages        = {1966--1973},
	organization = {IEEE}
}
@inproceedings{rahmann2001reconstruction,
	title        = {Reconstruction of specular surfaces using polarization imaging},
	author       = {Rahmann, Stefan and Canterakis, Nikos},
	year         = 2001,
	booktitle    = {null},
	pages        = 149,
	organization = {IEEE}
}
@inproceedings{joblove1978color,
	title        = {Color spaces for computer graphics},
	author       = {Joblove, George H and Greenberg, Donald},
	year         = 1978,
	booktitle    = {ACM siggraph computer graphics},
	volume       = 12,
	number       = 3,
	pages        = {20--25},
	organization = {ACM}
}
@inproceedings{wei2005asymmetrical,
	title        = {Asymmetrical occlusion handling using graph cut for multi-view stereo},
	author       = {Wei, Yichen and Quan, Long},
	year         = 2005,
	booktitle    = {2005 IEEE Computer Society Conference on Computer Vision and Pattern Recognition (CVPR'05)},
	volume       = 2,
	pages        = {902--909},
	organization = {IEEE}
}
@inproceedings{yang2018polarimetric,
	title        = {Polarimetric dense monocular slam},
	author       = {Yang, Luwei and Tan, Feitong and Li, Ao and Cui, Zhaopeng and Furukawa, Yasutaka and Tan, Ping},
	year         = 2018,
	booktitle    = {Proceedings of the IEEE Conference on Computer Vision and Pattern Recognition},
	pages        = {3857--3866}
}
@article{keller2019stereo,
	title        = {A Stereo Algorithm for Thin Obstacles and Reflective Objects},
	author       = {Keller, John and Scherer, Sebastian},
	year         = 2019,
	journal      = {arXiv preprint arXiv:1910.04874}
}
@inproceedings{nakagawa2015estimating,
	title        = {Estimating surface normals with depth image gradients for fast and accurate registration},
	author       = {Nakagawa, Yosuke and Uchiyama, Hideaki and Nagahara, Hajime and Taniguchi, Rin-Ichiro},
	year         = 2015,
	booktitle    = {2015 International Conference on 3D Vision},
	pages        = {640--647},
	organization = {IEEE}
}
@article{DBLP:journals/corr/abs-1903-12061,
	title        = {Depth from a polarisation + {RGB} stereo pair},
	author       = {Dizhong Zhu and William A. P. Smith},
	year         = 2019,
	journal      = {CoRR},
	volume       = {abs/1903.12061},
	url          = {http://arxiv.org/abs/1903.12061},
	archiveprefix = {arXiv},
	eprint       = {1903.12061},
	timestamp    = {Tue, 02 Apr 2019 11:16:55 +0200},
	biburl       = {https://dblp.org/rec/bib/journals/corr/abs-1903-12061},
	bibsource    = {dblp computer science bibliography, https://dblp.org}
}
@techreport{szeliski1999a,
	title        = {A Multi-View Approach to Motion and Stereo},
	author       = {Szeliski, Richard},
	year         = 1999,
	month        = jul,
	publisher    = {Institute of Electrical and Electronics Engineers, Inc.},
	number       = {MSR-TR-99-19},
	pages        = 31,
	url          = {https://www.microsoft.com/en-us/research/publication/a-multi-view-approach-to-motion-and-stereo/},
	abstract     = {This paper presents a new approach to computing dense depth and motion estimates from multiple images. Rather than computing a single depth or motion map from such a collection, we associate motion or depth estimates with multiple images in the collection. This has the advantage that the depth or motion of regions occluded in one image will still be represented in some other image. Thus, tasks such as novel view interpolation or motion-compensated prediction can be solved with greater fidelity. It also enables us to reason about occlusions by comparing estimates across multiple images. Furthermore, the natural variation in appearance between different images can be captured. To formulate motion and structure recovery, we cast the problem as a global optimization over the unknown motion or depth maps, and use robust smoothness constraints (i.e. regularization or Bayesian prior models) to constrain the space of possible solutions. We develop and evaluate some motion and depth estimation algorithms based on this framework.}
}
@article{DBLP:journals/corr/abs-1806-01260,
	title        = {Digging Into Self-Supervised Monocular Depth Estimation},
	author       = {Cl{\'{e}}ment Godard and Oisin {Mac Aodha} and Gabriel J. Brostow},
	year         = 2018,
	journal      = {CoRR},
	volume       = {abs/1806.01260},
	url          = {http://arxiv.org/abs/1806.01260},
	archiveprefix = {arXiv},
	eprint       = {1806.01260},
	timestamp    = {Mon, 13 Aug 2018 16:48:01 +0200},
	biburl       = {https://dblp.org/rec/bib/journals/corr/abs-1806-01260},
	bibsource    = {dblp computer science bibliography, https://dblp.org}
}
@article{chen2017rethinking,
	title        = {Rethinking atrous convolution for semantic image segmentation},
	author       = {Chen, Liang-Chieh and Papandreou, George and Schroff, Florian and Adam, Hartwig},
	year         = 2017,
	journal      = {arXiv preprint arXiv:1706.05587}
}
@inproceedings{wang2018learning,
	title        = {Learning depth from monocular videos using direct methods},
	author       = {Wang, Chaoyang and Miguel Buenaposada, Jos{\'e} and Zhu, Rui and Lucey, Simon},
	year         = 2018,
	booktitle    = {Proceedings of the IEEE Conference on Computer Vision and Pattern Recognition},
	pages        = {2022--2030}
}
@inproceedings{Geiger2012CVPR,
	title        = {Are we ready for Autonomous Driving? The KITTI Vision Benchmark Suite},
	author       = {Andreas Geiger and Philip Lenz and Raquel Urtasun},
	year         = 2012,
	booktitle    = {Conference on Computer Vision and Pattern Recognition (CVPR)}
}
@inproceedings{Menze2015CVPR,
	title        = {Object Scene Flow for Autonomous Vehicles},
	author       = {Moritz Menze and Andreas Geiger},
	year         = 2015,
	booktitle    = {Conference on Computer Vision and Pattern Recognition (CVPR)}
}
@inproceedings{jiang2018self,
	title        = {Self-supervised relative depth learning for urban scene understanding},
	author       = {Jiang, Huaizu and Larsson, Gustav and Maire Greg Shakhnarovich, Michael and Learned-Miller, Erik},
	year         = 2018,
	booktitle    = {Proceedings of the European Conference on Computer Vision (ECCV)},
	pages        = {19--35}
}
@inproceedings{jiao2018look,
	title        = {Look deeper into depth: Monocular depth estimation with semantic booster and attention-driven loss},
	author       = {Jiao, Jianbo and Cao, Ying and Song, Yibing and Lau, Rynson},
	year         = 2018,
	booktitle    = {Proceedings of the European Conference on Computer Vision (ECCV)},
	pages        = {53--69}
}
@inproceedings{Zhang_2019_ICCV,
	title        = {Exploiting Temporal Consistency for Real-Time Video Depth Estimation},
	author       = {Zhang, Haokui and Shen, Chunhua and Li, Ying and Cao, Yuanzhouhan and Liu, Yu and Yan, Youliang},
	year         = 2019,
	month        = oct,
	booktitle    = {The IEEE International Conference on Computer Vision (ICCV)}
}
@inproceedings{Dijk_2019_ICCV,
	title        = {How Do Neural Networks See Depth in Single Images?},
	author       = {Dijk, Tom van and Croon, Guido de},
	year         = 2019,
	month        = oct,
	booktitle    = {The IEEE International Conference on Computer Vision (ICCV)}
}
@inproceedings{Hu_2019_ICCV,
	title        = {Visualization of Convolutional Neural Networks for Monocular Depth Estimation},
	author       = {Hu, Junjie and Zhang, Yan and Okatani, Takayuki},
	year         = 2019,
	month        = oct,
	booktitle    = {The IEEE International Conference on Computer Vision (ICCV)}
}
@inproceedings{Chen_2019_CVPR,
	title        = {Towards Scene Understanding: Unsupervised Monocular Depth Estimation With Semantic-Aware Representation},
	author       = {Chen, Po-Yi and Liu, Alexander H. and Liu, Yen-Cheng and Wang, Yu-Chiang Frank},
	year         = 2019,
	month        = jun,
	booktitle    = {The IEEE Conference on Computer Vision and Pattern Recognition (CVPR)}
}
@inproceedings{godard2019digging,
	title        = {Digging into self-supervised monocular depth estimation},
	author       = {Godard, Cl{\'e}ment and Mac Aodha, Oisin and Firman, Michael and Brostow, Gabriel J},
	year         = 2019,
	booktitle    = {Proceedings of the IEEE International Conference on Computer Vision},
	pages        = {3828--3838}
}
