@article{DBLP:journals/corr/BadrinarayananH15,
  author    = {Vijay Badrinarayanan and
               Ankur Handa and
               Roberto Cipolla},
  title     = {SegNet: {A} Deep Convolutional Encoder-Decoder Architecture for Robust
               Semantic Pixel-Wise Labelling},
  journal   = {CoRR},
  volume    = {abs/1505.07293},
  year      = {2015},
  url       = {http://arxiv.org/abs/1505.07293},
  archivePrefix = {arXiv},
  eprint    = {1505.07293},
  timestamp = {Wed, 07 Jun 2017 14:40:25 +0200},
  biburl    = {http://dblp.org/rec/bib/journals/corr/BadrinarayananH15},
  bibsource = {dblp computer science bibliography, http://dblp.org}
}

@article{DBLP:journals/corr/Garcia-GarciaOO17,
  author    = {Alberto Garcia{-}Garcia and
               Sergio Orts{-}Escolano and
               Sergiu Oprea and
               Victor Villena{-}Martinez and
               Jos{\'{e}} Garc{\'{\i}}a Rodr{\'{\i}}guez},
  title     = {A Review on Deep Learning Techniques Applied to Semantic Segmentation},
  journal   = {CoRR},
  volume    = {abs/1704.06857},
  year      = {2017},
  url       = {http://arxiv.org/abs/1704.06857},
  archivePrefix = {arXiv},
  eprint    = {1704.06857},
  timestamp = {Wed, 07 Jun 2017 14:42:09 +0200},
  biburl    = {http://dblp.org/rec/bib/journals/corr/Garcia-GarciaOO17},
  bibsource = {dblp computer science bibliography, http://dblp.org}
}

@inproceedings{ BrostowSFC:ECCV08,
  author    = {Gabriel J. Brostow and Jamie Shotton and Julien Fauqueur and Roberto Cipolla},
  title     = {Segmentation and Recognition Using Structure from Motion Point Clouds},
  booktitle = {ECCV (1)},
  year      = {2008},
  pages     = {44-57}
}

@article{ BrostowFC:PRL2008,
    author = "Gabriel J. Brostow and Julien Fauqueur and Roberto Cipolla",
    title = "Semantic Object Classes in Video: A High-Definition Ground Truth Database",
    journal = "Pattern Recognition Letters",
    volume = "xx",
    number = "x",
    pages = "xx-xx",
    year = "2008"
}
@incollection{NIPS2012_4824,
title = {ImageNet Classification with Deep Convolutional Neural Networks},
author = {Alex Krizhevsky and Sutskever, Ilya and Hinton, Geoffrey E},
booktitle = {Advances in Neural Information Processing Systems 25},
editor = {F. Pereira and C. J. C. Burges and L. Bottou and K. Q. Weinberger},
pages = {1097--1105},
year = {2012},
publisher = {Curran Associates, Inc.},
url = {http://papers.nips.cc/paper/4824-imagenet-classification-with-deep-convolutional-neural-networks.pdf}
}
@article{lecun2015deep,
  title={Deep learning},
  author={LeCun, Yann and Bengio, Yoshua and Hinton, Geoffrey},
  journal={nature},
  volume={521},
  number={7553},
  pages={436},
  year={2015},
  publisher={Nature Publishing Group}
}
@techreport{ivakhnenko1966cybernetic,
  title={Cybernetic predicting devices},
  author={Ivakhnenko, Alekse{\u\i} Grigor πevich Lapa, Valentin Grigor{\'e}vich},
  year={1966},
  institution={PURDUE UNIV LAFAYETTE IND SCHOOL OF ELECTRICAL ENGINEERING}
}
@inproceedings{deng2009imagenet,
  title={Imagenet: A large-scale hierarchical image database},
  author={Deng, Jia and Dong, Wei and Socher, Richard and Li, Li-Jia and Li, Kai and Fei-Fei, Li},
  booktitle={Computer Vision and Pattern Recognition, 2009. CVPR 2009. IEEE Conference on},
  pages={248--255},
  year={2009},
  organization={IEEE}
}
@article{lecun1998gradient,
  title={Gradient-based learning applied to document recognition},
  author={LeCun, Yann and Bottou, L{\'e}on and Bengio, Yoshua and Haffner, Patrick},
  journal={Proceedings of the IEEE},
  volume={86},
  number={11},
  pages={2278--2324},
  year={1998},
  publisher={IEEE}
}
@article{wu2017introduction,
  title={Introduction to convolutional neural networks},
  author={Wu, Jianxin},
  journal={National Key Lab for Novel Software Technology. Nanjing University. China},
  year={2017}
}
@inbook{leibniz,
  author       = { Gottfried Wilhelm Leibniz},
  title        = { Reihe VII: Mathematische Schriften vol.5 Infinitesimal mathematik},
  pages        = {321-331},
  publisher    = {-},
  year         = {1674-1676},
  volume       = 5,
  series       = {Infinitesimalmathematik},
  address      = {},
  edition      = {},
  month        = {},
  note         = {}
}
@article{kelley1960gradient,
  title={Gradient theory of optimal flight paths},
  author={Kelley, Henry J},
  journal={Ars Journal},
  volume={30},
  number={10},
  pages={947--954},
  year={1960}
}
@book{bryson1975applied,
  title={Applied optimal control: optimization, estimation and control},
  author={Bryson, Arthur Earl},
  year={1975},
  publisher={CRC Press}
}
@inproceedings{lecun1988theoretical,
  title={A theoretical framework for back-propagation},
  author={LeCun, Yann and Touresky, D and Hinton, G and Sejnowski, T},
  booktitle={Proceedings of the 1988 connectionist models summer school},
  pages={21--28},
  year={1988},
  organization={CMU, Pittsburgh, Pa: Morgan Kaufmann}
}
@inproceedings{lecun1990handwritten,
  title={Handwritten digit recognition with a back-propagation network},
  author={LeCun, Yann and Boser, Bernhard E and Denker, John S and Henderson, Donnie and Howard, Richard E and Hubbard, Wayne E and Jackel, Lawrence D},
  booktitle={Advances in neural information processing systems},
  pages={396--404},
  year={1990}
}
@article{rumelhart1986learning,
  title={Learning representations by back-propagating errors},
  author={Rumelhart, David E and Hinton, Geoffrey E and Williams, Ronald J},
  journal={nature},
  volume={323},
  number={6088},
  pages={533},
  year={1986},
  publisher={Nature Publishing Group}
}
@article{wang2016does,
  title={Where does AlphaGo go: From church-turing thesis to AlphaGo thesis and beyond},
  author={Wang, Fei-Yue and Zhang, Jun Jason and Zheng, Xinhu and Wang, Xiao and Yuan, Yong and Dai, Xiaoxiao and Zhang, Jie and Yang, Liuqing},
  journal={IEEE/CAA Journal of Automatica Sinica},
  volume={3},
  number={2},
  pages={113--120},
  year={2016},
  publisher={IEEE}
}
@article{silver2016mastering,
  title={Mastering the game of Go with deep neural networks and tree search},
  author={Silver, David and Huang, Aja and Maddison, Chris J and Guez, Arthur and Sifre, Laurent and Van Den Driessche, George and Schrittwieser, Julian and Antonoglou, Ioannis and Panneershelvam, Veda and Lanctot, Marc and others},
  journal={nature},
  volume={529},
  number={7587},
  pages={484--489},
  year={2016},
  publisher={Nature Research}
}
@article{silver2017mastering,
  title={Mastering the game of go without human knowledge},
  author={Silver, David and Schrittwieser, Julian and Simonyan, Karen and Antonoglou, Ioannis and Huang, Aja and Guez, Arthur and Hubert, Thomas and Baker, Lucas and Lai, Matthew and Bolton, Adrian and others},
  journal={Nature},
  volume={550},
  number={7676},
  pages={354},
  year={2017},
  publisher={Nature Publishing Group}
}
@article{mettes2017water,
  title={Water detection through spatio-temporal invariant descriptors},
  author={Mettes, Pascal and Tan, Robby T and Veltkamp, Remco C},
  journal={Computer Vision and Image Understanding},
  volume={154},
  pages={182--191},
  year={2017},
  publisher={Elsevier}
}
@inproceedings{santana2012water,
  title={Water detection with segmentation guided dynamic texture recognition},
  author={Santana, Pedro and Mendon{\c{c}}a, Ricardo and Barata, Jos{\'e}},
  booktitle={Robotics and Biomimetics (ROBIO), 2012 IEEE International Conference on},
  pages={1836--1841},
  year={2012},
  organization={IEEE}
}
@article{haider2013efficient,
  title={An Efficient Approach for Sky Detection},
  author={Haider, Kamal and Sattar, Qasim and Ali, Amjad and others},
  journal={International Journal of Computer Science Issues (IJCSI)},
  volume={10},
  number={4},
  pages={222},
  year={2013},
  publisher={International Journal of Computer Science Issues (IJCSI)}
}
@article{shen2013sky,
  title={Sky region detection in a single image for autonomous ground robot navigation},
  author={Shen, Yehu and Wang, Qicong},
  journal={International Journal of Advanced Robotic Systems},
  volume={10},
  number={10},
  pages={362},
  year={2013},
  publisher={SAGE Publications Sage UK: London, England}
}
@inproceedings{nguyen20173d,
  title={3D tracking of water hazards with polarized stereo cameras},
  author={Nguyen, Chuong V and Milford, Michael and Mahony, Robert},
  booktitle={Robotics and Automation (ICRA), 2017 IEEE International Conference on},
  pages={5251--5257},
  year={2017},
  organization={IEEE}
}
@inproceedings{harchanko2005water,
  title={Water-surface object detection and classification using imaging polarimetry},
  author={Harchanko, John S and Chenault, David B},
  booktitle={Polarization Science and Remote Sensing II},
  volume={5888},
  pages={588815},
  year={2005},
  organization={International Society for Optics and Photonics}
}
@article{wolff1997polarization,
  title={Polarization vision: a new sensory approach to image understanding},
  author={Wolff, Lawrence B},
  journal={Image and Vision computing},
  volume={15},
  number={2},
  pages={81--93},
  year={1997},
  publisher={Elsevier}
}
@book{goodfellow2016deep,
  title={Deep learning},
  author={Goodfellow, Ian and Bengio, Yoshua and Courville, Aaron and Bengio, Yoshua},
  volume={1},
  year={2016},
  publisher={MIT press Cambridge}
}
@article{guo2016deep,
  title={Deep learning for visual understanding: A review},
  author={Guo, Yanming and Liu, Yu and Oerlemans, Ard and Lao, Songyang and Wu, Song and Lew, Michael S},
  journal={Neurocomputing},
  volume={187},
  pages={27--48},
  year={2016},
  publisher={Elsevier}
}
@article{halevy2009unreasonable,
  title={The unreasonable effectiveness of data},
  author={Halevy, Alon and Norvig, Peter and Pereira, Fernando},
  journal={IEEE Intelligent Systems},
  volume={24},
  number={2},
  pages={8--12},
  year={2009},
  publisher={IEEE}
}
@inproceedings{quigley2009ros,
  title={ROS: an open-source Robot Operating System},
  author={Quigley, Morgan and Conley, Ken and Gerkey, Brian and Faust, Josh and Foote, Tully and Leibs, Jeremy and Wheeler, Rob and Ng, Andrew Y},
  booktitle={ICRA workshop on open source software},
  volume={3},
  number={3.2},
  pages={5},
  year={2009},
  organization={Kobe, Japan}
}
@software{ROS,
author =   {Willow Garage},
title =    {{ROS}: {Robot} {Operating} {System}},
url = {http://www.ros.org/},
version = { },
year = {2007}
}
@software{Kalibr,
author =   {{Paul Furgale }{J{\'{e}}rome Maye }{J√∂rn Rehder }{Thomas Schneider }{Thomas Schneider }},
title =    {Kalibr},
url = {https://github.com/ethz-asl/kalibr},
version = { },
year = {2007}
}
@article{kannala2006generic,
  title={A generic camera model and calibration method for conventional, wide-angle, and fish-eye lenses},
  author={Kannala, Juho and Brandt, Sami S},
  journal={IEEE transactions on pattern analysis and machine intelligence},
  volume={28},
  number={8},
  pages={1335--1340},
  year={2006},
  publisher={IEEE}
}
@misc{artin1957geometric,
  title={Geometric Algebra, volume 3 of Interscience tracts in pure and applied mathematics},
  author={Artin, Emil},
  year={1957},
  publisher={Interscience Publishers, Inc}
}
@book{baer2005linear,
  title={Linear algebra and projective geometry},
  author={Baer, Reinhold},
  year={2005},
  publisher={Courier Corporation}
}
@inproceedings{lowe1999object,
  title={Object recognition from local scale-invariant features},
  author={Lowe, David G},
  booktitle={Computer vision, 1999. The proceedings of the seventh IEEE international conference on},
  volume={2},
  pages={1150--1157},
  year={1999},
  organization={Ieee}
}
@article{Smith2015a,
  author    = {Leslie N. Smith},
  title     = {No More Pesky Learning Rate Guessing Games},
  journal   = {CoRR},
  volume    = {abs/1506.01186},
  year      = {2015},
  url       = {http://arxiv.org/abs/1506.01186},
  archivePrefix = {arXiv},
  eprint    = {1506.01186},
  timestamp = {Wed, 07 Jun 2017 14:41:23 +0200},
  biburl    = {https://dblp.org/rec/bib/journals/corr/Smith15a},
  bibsource = {dblp computer science bibliography, https://dblp.org}
}
@software{pytorch,
author =   { {Adam Paszke,}  {Sam Gross,} {Soumith Chintala,} {and Gregory Chanan} },
title =    {{PyTorch}},
url = {{https://pytorch.org/}{https://github.com/pytorch/pytorch}},
version = {3.5},
year = {2018}
}
@inproceedings{ronneberger2015u,
  title={U-net: Convolutional networks for biomedical image segmentation},
  author={Ronneberger, Olaf and Fischer, Philipp and Brox, Thomas},
  booktitle={International Conference on Medical image computing and computer-assisted intervention},
  pages={234--241},
  year={2015},
  organization={Springer}
}
@inproceedings{oliveira2016efficient,
  title={Efficient deep models for monocular road segmentation},
  author={Oliveira, Gabriel L and Burgard, Wolfram and Brox, Thomas},
  booktitle={Intelligent Robots and Systems (IROS), 2016 IEEE/RSJ International Conference on},
  pages={4885--4891},
  year={2016},
  organization={IEEE}
}
@inproceedings{valada2017adapnet,
  title={Adapnet: Adaptive semantic segmentation in adverse environmental conditions},
  author={Valada, Abhinav and Vertens, Johan and Dhall, Ankit and Burgard, Wolfram},
  booktitle={Robotics and Automation (ICRA), 2017 IEEE International Conference on},
  pages={4644--4651},
  year={2017},
  organization={IEEE}
}
@inproceedings{eigen2015predicting,
  title={Predicting depth, surface normals and semantic labels with a common multi-scale convolutional architecture},
  author={Eigen, David and Fergus, Rob},
  booktitle={Proceedings of the IEEE International Conference on Computer Vision},
  pages={2650--2658},
  year={2015}
}
@article{simonyan2014very,
  title={Very deep convolutional networks for large-scale image recognition},
  author={Simonyan, Karen and Zisserman, Andrew},
  journal={arXiv preprint arXiv:1409.1556},
  year={2014}
}
@article{ratliff2009interpolation,
  title={Interpolation strategies for reducing IFOV artifacts in microgrid polarimeter imagery},
  author={Ratliff, Bradley M and LaCasse, Charles F and Tyo, J Scott},
  journal={Optics express},
  volume={17},
  number={11},
  pages={9112--9125},
  year={2009},
  publisher={Optical Society of America}
}

@article{everingham2010pascal,
  title={The pascal visual object classes (voc) challenge},
  author={Everingham, Mark and Van Gool, Luc and Williams, Christopher KI and Winn, John and Zisserman, Andrew},
  journal={International journal of computer vision},
  volume={88},
  number={2},
  pages={303--338},
  year={2010},
  publisher={Springer}
}
@article{everingham2015pascal,
  title={The pascal visual object classes challenge: A retrospective},
  author={Everingham, Mark and Eslami, SM Ali and Van Gool, Luc and Williams, Christopher KI and Winn, John and Zisserman, Andrew},
  journal={International journal of computer vision},
  volume={111},
  number={1},
  pages={98--136},
  year={2015},
  publisher={Springer}
}
@inproceedings{lin2014microsoft,
  title={Microsoft coco: Common objects in context},
  author={Lin, Tsung-Yi and Maire, Michael and Belongie, Serge and Hays, James and Perona, Pietro and Ramanan, Deva and Doll{\'a}r, Piotr and Zitnick, C Lawrence},
  booktitle={European conference on computer vision},
  pages={740--755},
  year={2014},
  organization={Springer}
}
@inproceedings{long2015fully,
  title={Fully convolutional networks for semantic segmentation},
  author={Long, Jonathan and Shelhamer, Evan and Darrell, Trevor},
  booktitle={Proceedings of the IEEE conference on computer vision and pattern recognition},
  pages={3431--3440},
  year={2015}
}
@inproceedings{shotton2008semantic,
  title={Semantic texton forests for image categorization and segmentation},
  author={Shotton, Jamie and Johnson, Matthew and Cipolla, Roberto},
  booktitle={Computer vision and pattern recognition, 2008. CVPR 2008. IEEE Conference on},
  pages={1--8},
  year={2008},
  organization={IEEE}
}
@inproceedings{shotton2011real,
  title={Real-time human pose recognition in parts from single depth images},
  author={Shotton, Jamie and Fitzgibbon, Andrew and Cook, Mat and Sharp, Toby and Finocchio, Mark and Moore, Richard and Kipman, Alex and Blake, Andrew},
  booktitle={Computer Vision and Pattern Recognition (CVPR), 2011 IEEE Conference on},
  pages={1297--1304},
  year={2011},
  organization={Ieee}
}
@article{DBLP:journals/corr/YuK15,
  author    = {Fisher Yu and
               Vladlen Koltun},
  title     = {Multi-Scale Context Aggregation by Dilated Convolutions},
  journal   = {CoRR},
  volume    = {abs/1511.07122},
  year      = {2015},
  url       = {http://arxiv.org/abs/1511.07122},
  archivePrefix = {arXiv},
  eprint    = {1511.07122},
  timestamp = {Wed, 07 Jun 2017 14:40:43 +0200},
  biburl    = {https://dblp.org/rec/bib/journals/corr/YuK15},
  bibsource = {dblp computer science bibliography, https://dblp.org}
}
@article{DBLP:journals/corr/ChenPK0Y16,
  author    = {Liang{-}Chieh Chen and
               George Papandreou and
               Iasonas Kokkinos and
               Kevin Murphy and
               Alan L. Yuille},
  title     = {DeepLab: Semantic Image Segmentation with Deep Convolutional Nets,
               Atrous Convolution, and Fully Connected CRFs},
  journal   = {CoRR},
  volume    = {abs/1606.00915},
  year      = {2016},
  url       = {http://arxiv.org/abs/1606.00915},
  archivePrefix = {arXiv},
  eprint    = {1606.00915},
  timestamp = {Wed, 07 Jun 2017 14:42:37 +0200},
  biburl    = {https://dblp.org/rec/bib/journals/corr/ChenPK0Y16},
  bibsource = {dblp computer science bibliography, https://dblp.org}
}
@article{DBLP:journals/corr/LinMS016,
  author    = {Guosheng Lin and
               Anton Milan and
               Chunhua Shen and
               Ian D. Reid},
  title     = {RefineNet: Multi-Path Refinement Networks for High-Resolution Semantic
               Segmentation},
  journal   = {CoRR},
  volume    = {abs/1611.06612},
  year      = {2016},
  url       = {http://arxiv.org/abs/1611.06612},
  archivePrefix = {arXiv},
  eprint    = {1611.06612},
  timestamp = {Wed, 07 Jun 2017 14:40:30 +0200},
  biburl    = {https://dblp.org/rec/bib/journals/corr/LinMS016},
  bibsource = {dblp computer science bibliography, https://dblp.org}
}
@article{DBLP:journals/corr/ChenPSA17,
  author    = {Liang{-}Chieh Chen and
               George Papandreou and
               Florian Schroff and
               Hartwig Adam},
  title     = {Rethinking Atrous Convolution for Semantic Image Segmentation},
  journal   = {CoRR},
  volume    = {abs/1706.05587},
  year      = {2017},
  url       = {http://arxiv.org/abs/1706.05587},
  archivePrefix = {arXiv},
  eprint    = {1706.05587},
  timestamp = {Mon, 03 Jul 2017 13:29:02 +0200},
  biburl    = {https://dblp.org/rec/bib/journals/corr/ChenPSA17},
  bibsource = {dblp computer science bibliography, https://dblp.org}
}
@article{itti1998model,
  title={A model of saliency-based visual attention for rapid scene analysis},
  author={Itti, Laurent and Koch, Christof and Niebur, Ernst},
  journal={IEEE Transactions on pattern analysis and machine intelligence},
  volume={20},
  number={11},
  pages={1254--1259},
  year={1998},
  publisher={IEEE}
}
@inproceedings{cordts2016cityscapes,
  title={The cityscapes dataset for semantic urban scene understanding},
  author={Cordts, Marius and Omran, Mohamed and Ramos, Sebastian and Rehfeld, Timo and Enzweiler, Markus and Benenson, Rodrigo and Franke, Uwe and Roth, Stefan and Schiele, Bernt},
  booktitle={Proceedings of the IEEE conference on computer vision and pattern recognition},
  pages={3213--3223},
  year={2016}
}
@article{bell15minc,
	author = "Sean Bell and Paul Upchurch and Noah Snavely and Kavita Bala",
	title = "Material Recognition in the Wild with the Materials in Context Database",
	journal = "Computer Vision and Pattern Recognition (CVPR)",
	year = "2015",
}
@inproceedings{OB16c,
  author       = "A. Valada and G. Oliveira and T.Brox and W. Burgard",
  title        = "Deep Multispectral Semantic Scene Understanding of Forested Environments using Multimodal Fusion",
  booktitle    = "International Symposium on Experimental Robotics (ISER 2016)",
  month        = " ",
  year         = "2016",
  url          = "http://lmb.informatik.uni-freiburg.de/Publications/2016/OB16c"
}
@techreport{rankin2008daytime,
  title={Daytime mud detection for unmanned ground vehicle autonomous navigation},
  author={Rankin, Arturo L and Matthies, Larry H},
  year={2008},
  institution={CALIFORNIA INST OF TECHNOLOGY PASADENA JET PROPULSION LAB}
}
@incollection{rankin2006daytime,
  title={Daytime water detection by fusing multiple cues for autonomous off-road navigation},
  author={Rankin, Arturo L and Matthies, Larry H and Huertas, Andres},
  booktitle={Transformational Science And Technology For The Current And Future Force: (With CD-ROM)},
  pages={177--184},
  year={2006},
  publisher={World Scientific}
}
@inproceedings{rankin2010daytime,
  title={Daytime water detection based on color variation},
  author={Rankin, Arturo and Matthies, Larry},
  booktitle={Intelligent Robots and Systems (IROS), 2010 IEEE/RSJ International Conference on},
  pages={215--221},
  year={2010},
  organization={IEEE}
}
@inproceedings{berger2017depth,
  title={Depth from stereo polarization in specular scenes for urban robotics},
  author={Berger, Kai and Voorhies, Randolph and Matthies, Larry H},
  booktitle={Robotics and Automation (ICRA), 2017 IEEE International Conference on},
  pages={1966--1973},
  year={2017},
  organization={IEEE}
}
@article{wolff1995polarization,
  title={Polarization camera sensors},
  author={Wolff, Lawrence B and Andreou, Andreas G},
  journal={Image and Vision Computing},
  volume={13},
  number={6},
  pages={497--510},
  year={1995},
  publisher={Elsevier}
}
@article{yan2014water,
  title={Water body detection using two camera polarized stereo vision},
  author={Yan, Sze Hon},
  journal={International Journal of Research in Computer Engineering \& Electronics},
  volume={3},
  number={3},
  year={2014}
}
@article{rankin2010passive,
  title={Passive sensor evaluation for unmanned ground vehicle mud detection},
  author={Rankin, Arturo L and Matthies, Larry H},
  journal={Journal of Field Robotics},
  volume={27},
  number={4},
  pages={473--490},
  year={2010},
  publisher={Wiley Online Library}
}
@inproceedings{tudor2016hard,
  title={How hard can it be? Estimating the difficulty of visual search in an image},
  author={Tudor Ionescu, Radu and Alexe, Bogdan and Leordeanu, Marius and Popescu, Marius and Papadopoulos, Dim P and Ferrari, Vittorio},
  booktitle={Proceedings of the IEEE Conference on Computer Vision and Pattern Recognition},
  pages={2157--2166},
  year={2016}
}
@inproceedings{liu2011estimating,
  title={Estimating image segmentation difficulty},
  author={Liu, Dingding and Xiong, Yingen and Pulli, Kari and Shapiro, Linda},
  booktitle={International Workshop on Machine Learning and Data Mining in Pattern Recognition},
  pages={484--495},
  year={2011},
  organization={Springer}
}
@article{kato2001color,
  title={Color image segmentation and parameter estimation in a markovian framework1},
  author={Kato, Zoltan and Pong, Ting-Chuen and Lee, John Chung-Mong},
  journal={Pattern Recognition Letters},
  volume={22},
  number={3-4},
  pages={309--321},
  year={2001},
  publisher={Elsevier}
}
@phdthesis{wu2010towards,
  title={Towards Scene Understanding: Deep and Layered Recognition and Heuristic Parsing of Objects},
  author={Wu, Yang and others},
  year={2010},
  school={Citeseer}
}
@article{kingma2014adam,
  title={Adam: A method for stochastic optimization},
  author={Kingma, Diederik P and Ba, Jimmy},
  journal={arXiv preprint arXiv:1412.6980},
  year={2014}
}
@article{duchi2011adaptive,
  title={Adaptive subgradient methods for online learning and stochastic optimization},
  author={Duchi, John and Hazan, Elad and Singer, Yoram},
  journal={Journal of Machine Learning Research},
  volume={12},
  number={Jul},
  pages={2121--2159},
  year={2011}
}
@article{buja2005loss,
  title={Loss functions for binary class probability estimation and classification: Structure and applications},
  author={Buja, Andreas and Stuetzle, Werner and Shen, Yi},
  journal={Working draft, November},
  volume={3},
  year={2005}
}
@article{tang2013deep,
  title={Deep learning using linear support vector machines},
  author={Tang, Yichuan},
  journal={arXiv preprint arXiv:1306.0239},
  year={2013}
}
@article{nordin1999micropolarizer,
  title={Micropolarizer array for infrared imaging polarimetry},
  author={Nordin, Gregory P and Meier, Jeffrey T and Deguzman, Panfilo C and Jones, Michael W},
  journal={JOSA A},
  volume={16},
  number={5},
  pages={1168--1174},
  year={1999},
  publisher={Optical Society of America}
}
@incollection{millerd2006pixelated,
  title={Pixelated phase-mask dynamic interferometers},
  author={Millerd, James and Brock, Neal and Hayes, John and North-Morris, Michael and Kimbrough, Brad and Wyant, James},
  booktitle={Fringe 2005},
  pages={640--647},
  year={2006},
  publisher={Springer}
}
@inproceedings{nordin1999diffractive,
  title={Diffractive optical element for Stokes vector measurement with a focal plane array},
  author={Nordin, Gregory P and Meier, Jeffrey T and Deguzman, Panfilo C and Jones, Michael W},
  booktitle={Polarization: Measurement, Analysis, and Remote Sensing II},
  volume={3754},
  pages={169--178},
  year={1999},
  organization={International Society for Optics and Photonics}
}

@inproceedings{hariharan2014simultaneous,
  title={Simultaneous detection and segmentation},
  author={Hariharan, Bharath and Arbel{\'a}ez, Pablo and Girshick, Ross and Malik, Jitendra},
  booktitle={European Conference on Computer Vision},
  pages={297--312},
  year={2014},
  organization={Springer}
}
@incollection{reutenauer2003free,
  title={Free lie algebras},
  author={Reutenauer, Christophe},
  booktitle={Handbook of algebra},
  volume={3},
  pages={887--903},
  year={2003},
  publisher={Elsevier}
}
@article{chaumette2006visual,
  title={Visual servo control. I. Basic approaches},
  author={Chaumette, Fran{\c{c}}ois and Hutchinson, Seth},
  journal={IEEE Robotics \& Automation Magazine},
  volume={13},
  number={4},
  pages={82--90},
  year={2006},
  publisher={IEEE}
}
